,TRADE_DATETIME,TRADE_MONTH,INSTRUMENT,COUNTERPARTY,SIDE,BOUGHTCCY,BOUGHTAMT,SOLDCCY,SOLDAMT,XRATE,INTERBANKSPOTRATE,INTERBANKRATE,MATURITY_DATE,MATURITY,MATURITY_GROUPS,CCYPAIR,RIC,PRICE
0,2023-11-24 10:48:50,2023-11-01,Forward,7N7_ATL,Buy,DKK,450000.0,EUR,60296.66,7.4631,7.4569,7.4572577,2023-11-24,0,0D,EUR/DKK,EURDKK=,7.463099946166172
1,2023-11-15 12:16:56,2023-11-01,Forward,9_9_1949,Buy,USD,6000.0,DKK,41184.0,6.864,6.86857,6.8692224,2023-11-15,0,0D,USD/DKK,USDDKK=,6.864
2,2023-11-15 12:16:35,2023-11-01,Forward,9_9_1949,Buy,EUR,30000.0,DKK,223596.0,7.4532,7.45914,7.4592859,2023-11-15,0,0D,EUR/DKK,EURDKK=,7.4532
3,2023-11-24 10:51:35,2023-11-01,Forward,AALB_LUFTHAV,Sell,DKK,1493441.62,EUR,200000.0,7.4672081,7.4569,7.4572581,2023-11-24,0,0D,EUR/DKK,EURDKK=,7.467208100000001
4,2023-11-06 11:20:40,2023-11-01,Forward,AARSTIDERNE,Sell,DKK,895579.85,EUR,120000.0,7.4631654,7.45896,7.4591854,2023-11-06,0,0D,EUR/DKK,EURDKK=,7.4631654166666666
5,2023-11-13 12:26:14,2023-11-01,Forward,AARSTIDERNE,Sell,DKK,1903330.17,EUR,255000.0,7.4640399,7.45985,7.4600599,2023-11-13,0,0D,EUR/DKK,EURDKK=,7.464039882352941
6,2023-11-20 10:37:18,2023-11-01,Forward,AARSTIDERNE,Sell,DKK,1149202.27,EUR,154000.0,0.134006,0.13411,0.134106,2023-11-20,0,0D,EUR/DKK,EURDKK=,7.462352402597403
7,2023-11-27 11:44:36,2023-11-01,Forward,AARSTIDERNE,Sell,DKK,1939496.81,EUR,260000.0,7.4596031,7.45543,7.4556231,2023-11-27,0,0D,EUR/DKK,EURDKK=,7.459603115384615
8,2023-10-31 14:37:46,2023-10-01,Forward,AARSTIDERNE,Sell,DKK,911191.16,EUR,122000.0,7.46878,7.4648,7.4648,2023-10-31,0,0D,EUR/DKK,EURDKK=,7.468780000000001
9,2023-11-16 10:27:58,2023-11-01,Forward,AARSTIDERNE,Sell,DKK,74636.69,EUR,10000.0,7.4636686,7.45936,7.4596886,2023-11-16,0,0D,EUR/DKK,EURDKK=,7.463669
10,2023-11-13 12:25:44,2023-11-01,Forward,AARSTIDER_AS,Sell,DKK,485160.64,EUR,65000.0,7.4640099,7.45982,7.4600299,2023-11-13,0,0D,EUR/DKK,EURDKK=,7.464009846153846
11,2023-11-20 10:37:58,2023-11-01,Forward,AARSTIDER_AS,Sell,DKK,537289.38,EUR,72000.0,0.134006,0.13411,0.134106,2023-11-20,0,0D,EUR/DKK,EURDKK=,7.4623525
12,2023-11-27 11:45:07,2023-11-01,Forward,AARSTIDER_AS,Sell,DKK,619145.41,EUR,83000.0,7.4595833,7.45541,7.4556033,2023-11-27,0,0D,EUR/DKK,EURDKK=,7.459583253012049
13,2023-11-06 11:21:10,2023-11-01,Forward,AARSTIDER_AS,Sell,DKK,373157.27,EUR,50000.0,7.4631454,7.45894,7.4591654,2023-11-06,0,0D,EUR/DKK,EURDKK=,7.4631454
14,2023-11-21 11:30:22,2023-11-01,Forward,AASTED_MKROV,Buy,USD,28000.0,DKK,190438.64,6.8013799,6.8096,6.8105799,2023-11-21,0,0D,USD/DKK,USDDKK=,6.801380000000001
15,2023-11-21 11:30:37,2023-11-01,Forward,AASTED_MKROV,Buy,EUR,766000.0,DKK,5704047.88,7.4465377,7.45628,7.4564877,2023-11-21,0,0D,EUR/DKK,EURDKK=,7.446537702349869
16,2023-11-02 13:36:14,2023-11-01,Forward,AASTED_MKROV,Sell,DKK,91251.28,USD,13000.0,7.019329,7.00866,7.010129,2023-11-02,0,0D,USD/DKK,USDDKK=,7.01932923076923
17,2023-11-02 13:37:45,2023-11-01,Forward,AASTED_MKROV,Buy,EUR,997000.0,DKK,7431488.05,7.4538496,7.46346,7.4637996,2023-11-02,0,0D,EUR/DKK,EURDKK=,7.453849598796389
18,2023-11-09 12:22:15,2023-11-01,Forward,AASTED_MKROV,Buy,EUR,493000.0,DKK,3672184.45,7.44865,7.4583,7.4586,2023-11-09,0,0D,EUR/DKK,EURDKK=,7.448650000000001
19,2023-11-09 12:22:25,2023-11-01,Forward,AASTED_MKROV,Buy,USD,29000.0,DKK,202203.62,6.9725385,6.9804,6.9817385,2023-11-09,0,0D,USD/DKK,USDDKK=,6.972538620689655
20,2023-11-07 09:54:29,2023-11-01,Forward,AASTED_MKROV,Sell,DKK,2083656.54,EUR,279000.0,7.468303,7.45815,7.458353,2023-11-07,0,0D,EUR/DKK,EURDKK=,7.468303010752688
21,2023-11-17 11:52:26,2023-11-01,Forward,AASTED_MKROV,Buy,USD,22000.0,DKK,150829.46,6.8558846,6.86382,6.8650846,2023-11-17,0,0D,USD/DKK,USDDKK=,6.855884545454545
22,2023-11-24 11:46:13,2023-11-01,Forward,AASTED_MKROV,Buy,USD,34000.0,DKK,232114.68,6.8269023,6.83482,6.8361023,2023-11-24,0,0D,USD/DKK,USDDKK=,6.826902352941176
23,2023-11-24 11:45:43,2023-11-01,Forward,AASTED_MKROV,Buy,EUR,260000.0,DKK,1936158.95,7.4467652,7.45641,7.4567152,2023-11-24,0,0D,EUR/DKK,EURDKK=,7.4467651923076925
24,2023-11-10 12:45:15,2023-11-01,Forward,AASTED_MKROV,Buy,EUR,1012000.0,DKK,7536991.44,7.44762,7.45739,7.45757,2023-11-10,0,0D,EUR/DKK,EURDKK=,7.447620000000001
25,2023-11-07 09:55:09,2023-11-01,Forward,AASTED_MKROV,Buy,USD,53000.0,DKK,368748.66,6.9575218,6.9661,6.9667218,2023-11-07,0,0D,USD/DKK,USDDKK=,6.957521886792453
26,2023-10-31 11:46:20,2023-10-01,Forward,AASTED_MKROV,Sell,DKK,4648915.52,EUR,622000.0,7.4741407,7.46452,7.4641907,2023-10-31,0,0D,EUR/DKK,EURDKK=,7.474140707395498
27,2023-10-31 11:44:50,2023-10-01,Forward,AASTED_MKROV,Buy,USD,65000.0,DKK,454483.89,6.9920598,7.00088,7.0012598,2023-10-31,0,0D,USD/DKK,USDDKK=,6.992059846153847
28,2023-11-28 14:26:59,2023-11-01,Forward,AASTED_MKROV,Buy,EUR,790000.0,DKK,5882242.04,7.445876,7.45578,7.455826,2023-11-28,0,0D,EUR/DKK,EURDKK=,7.445876
29,2023-10-31 14:09:02,2023-10-01,Forward,AASTED_MKROV,Sell,DKK,186868.75,EUR,25000.0,7.47475,7.4648,7.4648,2023-10-31,0,0D,EUR/DKK,EURDKK=,7.47475
30,2023-11-17 11:48:51,2023-11-01,Forward,AASTED_MKROV,Buy,EUR,2350000.0,DKK,17505226.14,7.4490324,7.45872,7.4589824,2023-11-17,0,0D,EUR/DKK,EURDKK=,7.4490324
31,2023-11-16 12:26:21,2023-11-01,Forward,AASTED_MKROV,Sell,DKK,4668369.63,EUR,625000.0,7.4693914,7.45906,7.4594414,2023-11-16,0,0D,EUR/DKK,EURDKK=,7.469391408
32,2023-11-14 12:13:11,2023-11-01,Forward,AASTED_MKROV,Buy,EUR,1584000.0,DKK,11799732.7,7.4493262,7.45914,7.4592762,2023-11-14,0,0D,EUR/DKK,EURDKK=,7.449326199494949
33,2023-11-14 12:13:41,2023-11-01,Forward,AASTED_MKROV,Buy,USD,15000.0,DKK,104235.7,6.9490467,6.9576,6.9582467,2023-11-14,0,0D,USD/DKK,USDDKK=,6.949046666666667
34,2023-11-02 11:23:45,2023-11-01,Spot,ACANA_DK_APS,Buy,DKK,1000000.0,CAD,196089.97,5.0997,5.0819,5.0819,2023-11-06,4,<1W,CAD/DKK,CADDKK=,5.099699897960105
35,2023-11-02 11:24:15,2023-11-01,Spot,ACANA_DK_APS,Buy,DKK,1000000.0,CAD,196116.89,5.099,5.0812,5.0812,2023-11-06,4,<1W,CAD/DKK,CADDKK=,5.098999887261112
36,2023-11-02 11:32:17,2023-11-01,Spot,ACANA_DK_APS,Buy,DKK,370000.0,CAD,72548.88,5.10001,5.08221,5.08221,2023-11-06,4,<1W,CAD/DKK,CADDKK=,5.100009814072939
37,2023-11-02 11:28:26,2023-11-01,Spot,ACANA_DK_APS,Buy,DKK,1000000.0,CAD,196101.5,5.0994,5.0816,5.0816,2023-11-06,4,<1W,CAD/DKK,CADDKK=,5.099400055583461
38,2023-11-02 11:27:36,2023-11-01,Spot,ACANA_DK_APS,Buy,DKK,1000000.0,CAD,196105.35,5.0993,5.0815,5.0815,2023-11-06,4,<1W,CAD/DKK,CADDKK=,5.099299942607379
39,2023-11-10 10:34:26,2023-11-01,Forward,AKTIER_FX,Buy,USD,1000000.0,DKK,6990076.5,6.9900765,0.0,0.0,2023-11-17,7,1W,USD/DKK,USDDKK=,6.9900765
40,2023-11-22 16:34:00,2023-11-01,Forward,AKTIER_FX,Buy,USD,2000000.0,DKK,13709141.4,6.8545707,0.0,0.0,2023-12-15,23,3W,USD/DKK,USDDKK=,6.8545707
41,2023-11-15 09:34:36,2023-11-01,Spot,AKTIER_FX,Sell,DKK,6862960.0,USD,1000000.0,6.86296,0.0,0.0,2023-11-17,2,<1W,USD/DKK,USDDKK=,6.86296
42,2023-11-09 16:03:28,2023-11-01,Forward,AKTIER_FX,Sell,DKK,3480026.95,USD,500000.0,6.9600539,0.0,0.0,2023-11-17,8,1W,USD/DKK,USDDKK=,6.9600539
43,2023-11-02 08:33:18,2023-11-01,Forward,AKTIER_FX,Sell,DKK,5628083.2,USD,800000.0,7.035104,0.0,0.0,2023-11-17,15,2W,USD/DKK,USDDKK=,7.0351040000000005
44,2023-11-02 11:37:42,2023-11-01,Forward,AKTIER_FX,Sell,DKK,7020385.6,USD,1000000.0,7.0203856,0.0,0.0,2023-11-17,15,2W,USD/DKK,USDDKK=,7.0203856
45,2023-11-03 14:27:47,2023-11-01,Forward,AKTIER_FX,Sell,DKK,1392909.46,USD,200000.0,6.9645473,0.0,0.0,2023-11-17,14,2W,USD/DKK,USDDKK=,6.9645472999999996
46,2023-10-31 16:23:02,2023-10-01,Forward,AKTIER_FX,Buy,USD,1000000.0,DKK,7044971.3,7.0449713,0.0,0.0,2023-11-17,17,2W,USD/DKK,USDDKK=,7.044971299999999
47,2023-11-14 08:03:02,2023-11-01,Forward,ALBATROS_TRA,Buy,USD,1000000.0,DKK,6963706.2,6.9637062,6.97257,6.9729062,2023-11-15,1,<1W,USD/DKK,USDDKK=,6.9637062
48,2023-11-02 07:56:57,2023-11-01,Forward,ALBATROS_TRA,Buy,GBP,200000.0,DKK,1712525.6,8.562628,8.5764,8.577378,2023-11-03,1,<1W,GBP/DKK,GBPDKK=,8.562628
49,2023-11-16 08:19:59,2023-11-01,Forward,ALBA_TANKERS,Sell,USD,2915.06,DKK,20000.0,0.1457531,0.14527,0.1452431,2023-11-16,0,0D,USD/DKK,USDDKK=,6.8609222451681955
50,2023-11-06 10:45:50,2023-11-01,Spot,ALBA_TANKERS,Sell,USD,923.0,SEK,10000.0,0.0923,0.09197,0.09197,2023-11-08,2,<1W,USD/SEK,USDSEK=,10.834236186348862
51,2023-11-06 10:45:30,2023-11-01,Spot,ALBA_TANKERS,Sell,USD,14458.0,DKK,100000.0,0.14458,0.14407,0.14407,2023-11-08,2,<1W,USD/DKK,USDDKK=,6.916585973163646
52,2023-11-10 10:04:31,2023-11-01,Forward,ALBA_TANKERS,Sell,USD,43068.63,DKK,300000.0,0.1435621,0.14308,0.1430521,2023-11-10,0,0D,USD/DKK,USDDKK=,6.965626721815855
53,2023-11-24 08:16:47,2023-11-01,Forward,ALBA_TANKERS,Sell,USD,29352.84,DKK,200000.0,0.1467642,0.14627,0.1462442,2023-11-24,0,0D,USD/DKK,USDDKK=,6.813650740439426
54,2023-11-01 08:47:38,2023-11-01,Forward,ALBA_TANKERS,Sell,USD,28366.34,DKK,200000.0,7.0506097,7.06836,7.0690097,2023-11-01,0,0D,USD/DKK,USDDKK=,7.050609983522724
55,2023-11-06 10:58:52,2023-11-01,Forward,ALBA_TANKERS,Sell,USD,10784.07,EUR,10000.0,1.0784067,1.07472,1.0746367,2023-11-06,0,0D,,,0.9272936841099881
56,2023-10-31 14:47:38,2023-10-01,Forward,ALBA_TANKERS,Sell,USD,10648.28,EUR,10000.0,1.0648279,1.06122,1.0611079,2023-10-31,0,0D,,,0.9391188060419147
57,2023-11-28 10:12:31,2023-11-01,Forward,ALBA_TANKERS,Sell,USD,10987.59,EUR,10000.0,1.0987591,1.095,1.0949191,2023-11-28,0,0D,,,0.9101176873181471
58,2023-11-21 08:02:22,2023-11-01,Forward,ALT_PR_EQ_19,Sell,DKK,3542.57,EUR,475.0,7.4580349,7.45588,7.4560449,2023-11-22,1,<1W,EUR/DKK,EURDKK=,7.458042105263158
59,2023-11-03 07:45:32,2023-11-01,Forward,ALT_PR_EQ_19,Sell,DKK,108491.79,EUR,14533.0,7.4652029,7.46311,7.4632129,2023-11-06,3,<1W,EUR/DKK,EURDKK=,7.465202642262437
60,2023-11-08 09:57:27,2023-11-01,Forward,ALT_PR_EQ_19,Sell,DKK,1537864.33,USD,220000.0,6.9902924,6.9881,6.9884524,2023-11-09,1,<1W,USD/DKK,USDDKK=,6.99029240909091
61,2023-11-23 08:35:30,2023-11-01,Forward,ALT_PR_EQ_19,Sell,DKK,850141.21,EUR,114000.0,7.457379,7.45513,7.455389,2023-11-24,1,<1W,EUR/DKK,EURDKK=,7.457379035087719
62,2023-11-08 10:04:53,2023-11-01,Spot,ALT_PR_EQ_19,Sell,DKK,4592185.16,EUR,615600.0,7.45969,7.4577,7.4577,2023-11-10,2,<1W,EUR/DKK,EURDKK=,7.459689993502274
63,2023-11-07 09:38:31,2023-11-01,Spot,ALT_PR_EQ_19,Sell,DKK,3753934.85,USD,538356.0,6.97296,6.97112,6.97112,2023-11-09,2,<1W,USD/DKK,USDDKK=,6.972959993015774
64,2023-11-22 07:48:04,2023-11-01,Forward,ALT_PR_EQ_20,Sell,DKK,3228.59,EUR,433.0,7.456337,7.45425,7.454347,2023-11-23,1,<1W,EUR/DKK,EURDKK=,7.456327944572749
65,2023-11-03 07:55:24,2023-11-01,Forward,ALT_PR_EQ_20,Sell,DKK,121775.93,EUR,16312.5,7.465191,7.46309,7.463201,2023-11-06,3,<1W,EUR/DKK,EURDKK=,7.4651911111111104
66,2023-11-03 07:57:19,2023-11-01,Forward,ALT_PR_EQ_21,Sell,DKK,202495.48,EUR,27125.0,7.465271,7.46317,7.463281,2023-11-06,3,<1W,EUR/DKK,EURDKK=,7.465271152073733
67,2023-11-03 07:58:54,2023-11-01,Forward,ALT_PR_EQ_22,Sell,DKK,527654.69,EUR,70681.25,7.465271,7.46317,7.463281,2023-11-06,3,<1W,EUR/DKK,EURDKK=,7.465271058449022
68,2023-11-22 07:57:06,2023-11-01,Forward,ALT_PR_EQ_22,Sell,DKK,94150.78,EUR,12626.0,7.456897,7.45481,7.454907,2023-11-23,1,<1W,EUR/DKK,EURDKK=,7.456896879455092
69,2023-11-24 17:23:47,2023-11-01,Spot,AM_910643,Sell,DKK,84800000.0,EUR,11374122.8,7.45552,7.45515,7.45515,2023-11-28,4,<1W,EUR/DKK,EURDKK=,7.455519998430121
70,2023-11-06 10:03:14,2023-11-01,Swap,AM_91393,Buy,JPY,11630000000.0,DKK,539117793.76,21.50301,21.57228,21.50308,2023-12-08,32,1M,JPY/DKK,JPYDKK=,0.04635578622184007
71,2023-11-02 10:17:21,2023-11-01,Swap,AM_91393,Buy,JPY,13200000000.0,DKK,616239234.34,21.350859,21.4202525,21.350869,2023-12-06,34,1M,JPY/DKK,JPYDKK=,0.04668479048030303
72,2023-11-03 08:00:25,2023-11-01,Swap,AM_91393,Buy,JPY,9000000000.0,DKK,419797461.72,21.36944,21.43891,21.36951,2023-12-07,34,1M,JPY/DKK,JPYDKK=,0.046644162413333336
73,2023-11-16 10:49:44,2023-11-01,Forward,AM_91393,Sell,DKK,352010.16,JPY,7750000.0,22.01641,22.01,22.01675,2023-11-17,1,<1W,JPY/DKK,JPYDKK=,0.04542066580645161
74,2023-11-16 08:33:57,2023-11-01,Forward,AM_91393,Sell,DKK,16804.5,JPY,370000.0,22.01791,22.0115,22.01825,2023-11-17,1,<1W,JPY/DKK,JPYDKK=,0.04541756756756757
75,2023-11-21 08:51:44,2023-11-01,Forward,AM_91420,Sell,DKK,6000.0,EUR,804.72,7.4560036,7.45581,7.4559736,2023-11-22,1,<1W,EUR/DKK,EURDKK=,7.456009543692216
76,2023-10-31 13:39:45,2023-10-01,Spot,AM_91447,Sell,DKK,15000.0,EUR,2009.62,7.46408,7.46405,7.46405,2023-11-02,2,<1W,EUR/DKK,EURDKK=,7.4640976901105685
77,2023-11-21 10:33:04,2023-11-01,Forward,AM_91447,Sell,DKK,7000.0,EUR,938.79,7.4563705,7.45626,7.4563405,2023-11-23,2,<1W,EUR/DKK,EURDKK=,7.456406651114733
78,2023-11-06 11:33:39,2023-11-01,Swap,AM_91465,Sell,JPY,21670000000.0,DKK,1004529887.43,21.50301,21.57228,21.50308,2023-12-08,32,1M,JPY/DKK,JPYDKK=,0.04635578622196585
79,2023-11-24 13:17:59,2023-11-01,Spot,AM_91526,Sell,DKK,116000.0,EUR,15557.02,7.45644,7.45641,7.45641,2023-11-28,4,<1W,EUR/DKK,EURDKK=,7.456440886493685
80,2023-11-21 10:35:25,2023-11-01,Forward,AM_91541,Sell,DKK,3000.0,EUR,402.34,7.4563705,7.45626,7.4563405,2023-11-23,2,<1W,EUR/DKK,EURDKK=,7.456380175970573
81,2023-11-21 10:33:57,2023-11-01,Forward,AM_91552,Sell,DKK,6000.0,EUR,804.68,7.4563705,7.45626,7.4563405,2023-11-23,2,<1W,EUR/DKK,EURDKK=,7.456380175970573
82,2023-10-31 16:27:19,2023-10-01,Spot,AM_91552,Sell,DKK,12000.0,EUR,1607.7,7.46408,7.46405,7.46405,2023-11-02,2,<1W,EUR/DKK,EURDKK=,7.464079119238663
83,2023-11-13 07:58:06,2023-11-01,Spot,AM_91615,Sell,DKK,30000.0,EUR,4021.9,7.45916,7.45913,7.45913,2023-11-15,2,<1W,EUR/DKK,EURDKK=,7.459161093015739
84,2023-11-21 08:53:09,2023-11-01,Forward,AM_91662,Sell,DKK,6000.0,EUR,804.68,7.4563705,7.45626,7.4563405,2023-11-23,2,<1W,EUR/DKK,EURDKK=,7.456380175970573
85,2023-11-02 08:07:24,2023-11-01,Spot,AM_91715,Sell,DKK,2326000.0,HKD,2584139.48,1.11098,1.111,1.111,2023-11-06,4,<1W,HKD/DKK,HKDDKK=,0.9001062125330789
86,2023-11-23 16:22:01,2023-11-01,Spot,ANDY_PRODUKT,Buy,EUR,80000.0,USD,86959.2,1.08699,1.09081,1.09081,2023-11-27,4,<1W,EUR/USD,EURUSD=,0.919971664872722
87,2023-11-21 14:31:45,2023-11-01,Forward,AND_BORDING,Buy,NOK,400000.0,DKK,255020.0,0.63755,0.6395,0.6395,2023-11-21,0,0D,NOK/DKK,NOKDKK=,0.63755
88,2023-11-16 09:01:46,2023-11-01,Swap,AND_BORDING,Sell,DKK,113170.38,USD,17041.65,6.628511,6.640811,6.629511,2023-12-29,43,2M,USD/DKK,USDDKK=,6.6408111890573975
89,2023-11-15 09:02:47,2023-11-01,Spot,AND_BORDING,Buy,NOK,400000.0,DKK,252144.44,0.63036109,0.63231109,0.63231109,2023-11-17,2,<1W,NOK/DKK,NOKDKK=,0.6303611
90,2023-11-10 11:03:15,2023-11-01,Forward,AND_BORDING,Buy,SEK,180000.0,DKK,114869.97,0.6381665,0.63995,0.6399665,2023-11-10,0,0D,SEK/DKK,SEKDKK=,0.6381665
91,2023-11-16 08:56:51,2023-11-01,Swap,AND_BORDING,Sell,DKK,34477.31,USD,5190.95,6.628511,6.641811,6.629811,2023-12-29,43,2M,USD/DKK,USDDKK=,6.641811229158439
92,2023-11-06 07:55:28,2023-11-01,Swap,AND_BORDING,Sell,DKK,26596.84,USD,4000.0,6.628511,6.649211,6.630611,2023-12-29,53,2M,USD/DKK,USDDKK=,6.64921
93,2023-11-07 08:45:39,2023-11-01,Spot,ANNASSURRA,Buy,EUR,200000.0,DKK,1490056.0,7.45028,7.45824,7.45824,2023-11-09,2,<1W,EUR/DKK,EURDKK=,7.45028
94,2023-11-13 13:58:43,2023-11-01,Forward,APGHYB2,Sell,EUR,1801.63,DKK,13438.0,7.4587919,7.45964,7.4597919,2023-11-13,0,0D,EUR/DKK,EURDKK=,7.458801196694104
95,2023-11-13 15:30:03,2023-11-01,Spot,APODANNORDIC,Sell,DKK,700639.0,USD,100000.0,7.00639,6.98799,6.98799,2023-11-15,2,<1W,USD/DKK,USDDKK=,7.00639
96,2023-11-07 11:14:20,2023-11-01,Forward,APODANNORDIC,Sell,DKK,71115.97,JPY,1514000.0,0.046972237,0.04639,0.046704937,2024-01-10,64,2M,JPY/DKK,JPYDKK=,0.04697223910171731
97,2023-11-08 08:47:38,2023-11-01,Spot,AREIM_HOLD,Sell,SEK,23629960.0,EUR,2020000.0,11.698,11.695,11.695,2023-11-10,2,<1W,EUR/SEK,EURSEK=,11.698
98,2023-11-16 15:13:24,2023-11-01,Swap,ARHUS_FIN,Sell,TRY,45348750.0,EUR,1450000.0,32.12884,31.275,32.13747,2023-12-20,34,1M,EUR/TRY,EURTRY=,31.275
99,2023-10-31 11:35:23,2023-10-01,Forward,ARHUS_FIN,Buy,NOK,10000000.0,SEK,9939830.0,0.993983,0.99757,0.994083,2024-06-20,233,>3M,,,
100,2023-11-24 11:20:09,2023-11-01,Forward,ARHUS_FIN,Sell,EUR,671915.51,DKK,5000000.0,7.4414118,7.45666,7.4417918,2024-06-20,209,>3M,EUR/DKK,EURDKK=,7.441411792979745
101,2023-11-28 09:56:33,2023-11-01,Forward,ARHUS_FIN,Buy,PLN,1700000.0,USD,424916.09,4.0007899,3.9735,3.9999899,2024-08-20,266,>3M,USD/PLN,USDPLN=,4.000789897130042
102,2023-11-17 10:33:24,2023-11-01,Forward,ARHUS_FIN,Buy,EUR,375000.0,SEK,4316492.4,11.5106464,11.48043,11.5118864,2024-10-21,339,>3M,EUR/SEK,EURSEK=,11.5106464
103,2023-11-01 10:04:25,2023-11-01,Forward,ARHUS_FIN,Buy,CNY,8000000.0,USD,1108438.54,7.21736,7.1776,7.2166,2024-02-22,113,>3M,,,
104,2023-11-27 10:19:53,2023-11-01,Forward,ARHUS_FIN,Sell,EUR,161182.45,DKK,1200000.0,7.4449795,7.45577,7.4452695,2024-04-22,147,>3M,EUR/DKK,EURDKK=,7.444979276589976
105,2023-11-13 10:06:18,2023-11-01,Forward,ARHUS_FIN,Sell,EUR,5836.78,NOK,70000.0,11.9929085,11.89486,11.9946585,2024-10-21,343,>3M,EUR/NOK,EURNOK=,11.99291390115783
106,2023-11-21 10:28:28,2023-11-01,Forward,ARHUS_FIN,Sell,EUR,2083213.91,DKK,15500000.0,7.4404265,7.45598,7.4408065,2024-06-20,212,>3M,EUR/DKK,EURDKK=,7.440426509056865
107,2023-11-16 15:11:44,2023-11-01,Swap,ARHUS_FIN,Sell,NOK,5891580.0,EUR,500000.0,11.7867748,11.78316,11.7868148,2023-12-20,34,1M,EUR/NOK,EURNOK=,11.78316
108,2023-11-01 11:43:42,2023-11-01,Swap,ARLA_FINANCE,Sell,DKK,128810700.0,GBP,15000000.0,8.5794455,8.58738,8.5794455,2023-11-24,23,3W,GBP/DKK,GBPDKK=,8.58738
109,2023-11-03 12:01:45,2023-11-01,Swap,ARLA_FINANCE,Sell,GBP,13059900.0,EUR,15000000.0,0.8707482,0.87066,0.8707482,2023-11-10,7,1W,,,
110,2023-11-27 12:33:38,2023-11-01,Swap,ARLA_FINANCE,Buy,SEK,45000000.0,DKK,29389500.0,0.6530211,0.6531,0.6530211,2023-12-11,14,2W,SEK/DKK,SEKDKK=,0.6531
111,2023-11-27 07:58:37,2023-11-01,Swap,ARLA_FINANCE,Buy,USD,15000000.0,DKK,102148500.0,6.8069398,6.8099,6.8069398,2023-12-08,11,1W,USD/DKK,USDDKK=,6.8099
112,2023-11-22 13:53:52,2023-11-01,Swap,ARLA_FINANCE,Sell,DKK,684097000.0,USD,100000000.0,6.8297554,6.84097,6.8297554,2023-12-27,35,1M,USD/DKK,USDDKK=,6.84097
113,2023-11-13 14:02:00,2023-11-01,Swap,ARLA_FINANCE,Sell,DKK,214007500.0,GBP,25000000.0,8.55686,8.5603,8.55686,2023-11-24,11,1W,GBP/DKK,GBPDKK=,8.5603
114,2023-11-10 10:08:18,2023-11-01,Swap,ARLA_FOODS,Buy,EUR,15000000.0,GBP,13115700.0,0.8746754,0.87438,0.8746754,2023-11-24,14,2W,,,
115,2023-11-17 09:45:34,2023-11-01,Forward,ARLA_FOODS,Buy,AUD,5000000.0,DKK,22253848.0,4.4507696,4.4536,4.4507696,2023-12-22,35,1M,AUD/DKK,AUDDKK=,4.4507696
116,2023-10-31 08:06:36,2023-10-01,Spot,ARLA_FOODS,Buy,CNH,25000000.0,DKK,23927750.0,0.95711,0.95711,0.95711,2023-11-02,2,<1W,CNH/DKK,CNHDKK=,0.95711
117,2023-11-08 14:32:35,2023-11-01,Swap,ARLA_FOODS,Sell,DKK,454455950.0,USD,65000000.0,6.986758,6.99163,6.986758,2023-11-24,16,2W,USD/DKK,USDDKK=,6.99163
118,2023-11-03 13:32:07,2023-11-01,Swap,ARLA_FOODS,Buy,GBP,15000000.0,DKK,128542800.0,8.56837,8.56952,8.56837,2023-11-10,7,1W,GBP/DKK,GBPDKK=,8.56952
119,2023-11-23 14:36:38,2023-11-01,Swap,ARLA_FOODS,Sell,DKK,683895000.0,USD,100000000.0,6.834262,6.83895,6.834262,2023-12-11,18,3W,USD/DKK,USDDKK=,6.83895
120,2023-11-08 12:49:32,2023-11-01,Swap,ARLA_FOODS,Buy,SEK,50000000.0,DKK,31970000.0,0.6391639,0.6394,0.6391639,2023-12-11,33,1M,SEK/DKK,SEKDKK=,0.6394
121,2023-11-08 14:34:23,2023-11-01,Swap,ARLA_FOODS,Sell,DKK,21943350.0,MXN,55000000.0,0.3963274,0.39897,0.3963274,2023-12-11,33,1M,MXN/DKK,MXNDKK=,0.39897
122,2023-11-13 14:10:48,2023-11-01,Swap,ARLA_FOODS,Buy,SEK,125000000.0,DKK,80312500.0,0.6422945,0.6425,0.6422945,2023-12-11,28,1M,SEK/DKK,SEKDKK=,0.6425
123,2023-11-22 07:57:55,2023-11-01,Swap,ARLA_FOODS,Buy,EUR,100000000.0,DKK,745455000.0,7.446711,7.45455,7.446701,2024-03-11,110,>3M,EUR/DKK,EURDKK=,7.45455
124,2023-11-23 15:16:08,2023-11-01,Swap,ARLA_FOODS,Buy,GBP,20000000.0,DKK,171473000.0,8.5684777,8.57365,8.5684777,2023-12-11,18,3W,GBP/DKK,GBPDKK=,8.57365
125,2023-10-31 09:24:49,2023-10-01,Forward,ARMORICA_DK,Buy,EUR,502500.0,DKK,3743093.91,7.4489431,7.46407,7.4638731,2023-10-31,0,0D,EUR/DKK,EURDKK=,7.448943104477612
126,2023-11-24 10:50:10,2023-11-01,Forward,AUBO_PRODUCT,Buy,NOK,5000000.0,DKK,3167500.0,0.6335,0.63503,0.6350571,2023-11-24,0,0D,NOK/DKK,NOKDKK=,0.6335
127,2023-11-16 09:24:13,2023-11-01,Forward,AUD_DIST_GR,Sell,DKK,413761.86,USD,60000.0,6.896031,6.87621,6.877631,2023-11-16,0,0D,USD/DKK,USDDKK=,6.896031
128,2023-11-17 10:15:52,2023-11-01,Forward,AUD_DIST_GR,Buy,EUR,25000.0,DKK,185975.69,7.4390276,7.45868,7.4589276,2023-11-17,0,0D,EUR/DKK,EURDKK=,7.4390276
129,2023-11-09 11:42:19,2023-11-01,Forward,AUD_DIST_GR,Sell,DKK,349875.44,USD,50000.0,6.9975087,6.97767,6.9791087,2023-11-09,0,0D,USD/DKK,USDDKK=,6.9975088
130,2023-11-03 10:00:57,2023-11-01,Forward,AUD_DIST_GR,Sell,DKK,880369.8,USD,125000.0,7.0429584,7.0231,7.0245584,2023-11-03,0,0D,USD/DKK,USDDKK=,7.042958400000001
131,2023-11-15 08:46:24,2023-11-01,Forward,AUD_DIST_GR,Buy,GBP,45000.0,DKK,383754.77,8.5278837,8.5567,8.5573837,2023-11-15,0,0D,GBP/DKK,GBPDKK=,8.527883777777777
132,2023-11-13 10:00:10,2023-11-01,Spot,AURA_AS,Sell,DKK,10000.0,EUR,1340.63,7.45916,7.45913,7.45913,2023-11-15,2,<1W,EUR/DKK,EURDKK=,7.4591796394232555
133,2023-11-02 08:57:37,2023-11-01,Forward,AUTOMOBILE,Buy,USD,170000.0,EUR,159794.14,0.9399655,0.94313,0.9432755,2023-11-02,0,0D,,,0.9399655294117648
134,2023-11-01 08:39:46,2023-11-01,Forward,AUTOMOBILE,Buy,EUR,600000.0,DKK,4461961.78,0.13447,0.134,0.134,2023-11-01,0,0D,EUR/DKK,EURDKK=,7.436602966666667
135,2023-11-01 08:05:42,2023-11-01,Forward,AUTOMOBILE,Sell,DKK,2247428.38,EUR,300000.0,0.1334859,0.13396,0.1339559,2023-11-01,0,0D,EUR/DKK,EURDKK=,7.491427933333333
136,2023-11-22 15:30:25,2023-11-01,Forward,AUTOMOBILE,Sell,DKK,4489001.95,EUR,600000.0,0.13366,0.13413,0.13413,2023-11-22,0,0D,EUR/DKK,EURDKK=,7.481669916666667
137,2023-11-23 09:55:47,2023-11-01,Forward,AUTOMOBILE,Sell,DKK,748201.7,EUR,100000.0,0.1336538,0.13413,0.1341238,2023-11-23,0,0D,EUR/DKK,EURDKK=,7.482017
138,2023-11-20 09:55:36,2023-11-01,Forward,AUTOMOBILE,Sell,DKK,3741498.38,EUR,500000.0,0.1336363,0.13411,0.1341063,2023-11-20,0,0D,EUR/DKK,EURDKK=,7.48299676
139,2023-11-23 12:08:42,2023-11-01,Forward,AUTOMOBILE,Sell,DKK,4489579.69,EUR,600000.0,0.1336428,0.13412,0.1341128,2023-11-23,0,0D,EUR/DKK,EURDKK=,7.482632816666667
140,2023-11-09 10:12:42,2023-11-01,Swap,AX_VI_VET_H,Buy,NOK,6500000.0,EUR,543119.2,11.9684171,11.9679069,11.9684621,2023-11-16,7,1W,EUR/NOK,EURNOK=,11.967906860961646
141,2023-11-22 15:25:30,2023-11-01,Swap,AX_VI_VET_H,Buy,SEK,5000000.0,EUR,437621.44,11.4257797,11.4254,11.4258197,2023-12-04,12,1W,EUR/SEK,EURSEK=,11.425399998683794
142,2023-11-16 13:41:05,2023-11-01,Swap,AX_VI_VET_H,Buy,NOK,20000000.0,EUR,1696767.41,11.7886287,11.7871194,11.7887737,2023-12-04,18,3W,EUR/NOK,EURNOK=,11.787119367173608
143,2023-11-16 13:58:12,2023-11-01,Swap,AX_VI_VET_H,Buy,SEK,16500000.0,EUR,1435799.98,11.4920185,11.4918514,11.4920685,2023-12-11,25,1M,EUR/SEK,EURSEK=,11.491851392838159
144,2023-11-16 13:52:06,2023-11-01,Swap,AX_VI_VET_H,Buy,NOK,23000000.0,EUR,1952077.63,11.7845783,11.7823183,11.7847933,2023-12-11,25,1M,EUR/NOK,EURNOK=,11.782318308724228
145,2023-11-16 13:55:57,2023-11-01,Swap,AX_VI_VET_H,Buy,SEK,15000000.0,EUR,1304432.73,11.4991941,11.4992515,11.4992141,2023-12-04,18,3W,EUR/SEK,EURSEK=,11.499251479223464
146,2023-11-01 11:15:50,2023-11-01,Swap,BAD_ELEMENT,Buy,PLN,2500000.0,DKK,4179750.0,1.66,1.6719,1.658265,2024-02-06,97,>3M,PLN/DKK,PLNDKK=,1.6719
147,2023-11-01 11:16:20,2023-11-01,Swap,BAD_ELEMENT,Buy,PLN,2000000.0,DKK,3346800.0,1.6587,1.6734,1.6565951,2024-03-06,126,>3M,PLN/DKK,PLNDKK=,1.6734
148,2023-11-20 11:07:52,2023-11-01,Forward,BALT_NAV_SIN,Buy,USD,15000.0,DKK,102081.77,6.8054513,6.8232,6.8238513,2023-11-20,0,0D,USD/DKK,USDDKK=,6.805451333333334
149,2023-11-20 10:11:59,2023-11-01,Spot,BALT_NAV_SIN,Buy,USD,15000.0,DKK,102057.0,6.8038,6.8222,6.8222,2023-11-22,2,<1W,USD/DKK,USDDKK=,6.8038
150,2023-11-08 11:14:18,2023-11-01,Forward,BASIC_MORE,Sell,DKK,47644.3,USD,6800.0,0.1427243,0.143,0.1429843,2023-11-08,0,0D,USD/DKK,USDDKK=,7.006514705882354
151,2023-11-08 10:43:14,2023-11-01,Forward,BASIC_MORE,Sell,DKK,30123.65,USD,4300.0,0.142745,0.14302,0.143005,2023-11-08,0,0D,USD/DKK,USDDKK=,7.0055000000000005
152,2023-11-06 13:06:16,2023-11-01,Forward,BASIC_MORE,Sell,DKK,58396.19,USD,8400.0,0.143845,0.14412,0.144105,2023-11-06,0,0D,USD/DKK,USDDKK=,6.951927380952381
153,2023-11-23 15:16:11,2023-11-01,Forward,BASIC_MORE,Sell,DKK,67902.12,USD,9900.0,0.1457981,0.14608,0.1460581,2023-11-24,1,<1W,USD/DKK,USDDKK=,6.8588
154,2023-11-03 10:42:39,2023-11-01,Swap,BASSON_BABY_,Sell,DKK,220000.0,PLN,143586.73,1.528575,1.532175,1.528975,2023-11-30,27,1M,PLN/DKK,PLNDKK=,1.5321750136659564
155,2023-11-08 11:08:17,2023-11-01,Spot,BAWAT_AS,Buy,EUR,200000.0,DKK,1488562.0,7.44281,7.45774,7.45774,2023-11-10,2,<1W,EUR/DKK,EURDKK=,7.44281
156,2023-11-08 10:17:40,2023-11-01,Forward,BB_ELEC,Sell,DKK,140366.24,USD,20000.0,0.1424844,0.14301,0.1429944,2023-11-08,0,0D,USD/DKK,USDDKK=,7.018312
157,2023-11-16 13:23:45,2023-11-01,Forward,BB_ELEC,Sell,DKK,411725.34,EUR,55000.0,0.1335842,0.13406,0.1340542,2023-11-16,0,0D,EUR/DKK,EURDKK=,7.485915272727273
158,2023-11-16 12:35:57,2023-11-01,Forward,BB_ELEC,Sell,DKK,42782.8,GBP,5000.0,0.1168694,0.11731,0.1172894,2023-11-16,0,0D,GBP/DKK,GBPDKK=,8.556560000000001
159,2023-11-07 13:31:24,2023-11-01,Forward,BB_ELEC,Sell,DKK,568834.17,EUR,76000.0,0.1336066,0.13408,0.1340766,2023-11-07,0,0D,EUR/DKK,EURDKK=,7.484660131578948
160,2023-11-16 13:21:14,2023-11-01,Forward,BB_ELEC,Sell,DKK,449154.92,EUR,60000.0,0.1335842,0.13406,0.1340542,2023-11-16,0,0D,EUR/DKK,EURDKK=,7.485915333333333
161,2023-11-08 10:11:14,2023-11-01,Forward,BB_ELEC,Sell,DKK,140317.0,USD,20000.0,0.1425344,0.14306,0.1430444,2023-11-08,0,0D,USD/DKK,USDDKK=,7.01585
162,2023-11-06 09:25:03,2023-11-01,Forward,BELLA_CO_ISA,Buy,EUR,176000.0,DKK,1309753.98,7.441784,7.46156,7.461684,2023-11-06,0,0D,EUR/DKK,EURDKK=,7.441783977272727
163,2023-11-28 16:40:18,2023-11-01,Spot,BELUGA_GMBH,Sell,USD,440868.0,EUR,400000.0,1.10217,1.09931,1.09931,2023-11-30,2,<1W,,,0.9073010515619188
164,2023-11-21 13:37:42,2023-11-01,Spot,BITTE_KAI,Buy,EUR,250000.0,DKK,1858962.5,7.43585,7.45575,7.45575,2023-11-24,3,<1W,EUR/DKK,EURDKK=,7.43585
165,2023-11-14 13:41:30,2023-11-01,Forward,BITTE_KAI,Sell,EUR,14383.71,GBP,12500.0,1.1506964,1.1466,1.1466764,2023-11-14,0,0D,,,
166,2023-11-17 12:09:44,2023-11-01,Forward,BITTE_KAI,Sell,EUR,36926.98,USD,40000.0,0.9231745,0.91998,0.9199445,2023-11-22,5,<1W,EUR/USD,EURUSD=,0.9231745000000001
167,2023-11-21 12:13:19,2023-11-01,Forward,BITTE_KAI,Sell,EUR,6419.35,USD,7000.0,0.91705,0.91374,0.91385,2023-11-21,0,0D,EUR/USD,EURUSD=,0.91705
168,2023-11-21 13:16:23,2023-11-01,Spot,BITTE_KAI,Buy,SEK,1000000.0,DKK,651066.64,0.65106664,0.65346664,0.65346664,2023-11-24,3,<1W,SEK/DKK,SEKDKK=,0.65106664
169,2023-11-20 11:32:41,2023-11-01,Spot,BITTE_KAI,Sell,EUR,57833.37,USD,63000.0,0.91799,0.91478,0.91478,2023-11-22,2,<1W,EUR/USD,EURUSD=,0.9179900000000001
170,2023-11-15 10:51:27,2023-11-01,Forward,BITTE_KAI,Sell,EUR,92517.18,USD,100000.0,0.9251718,0.92187,0.9219418,2023-11-15,0,0D,EUR/USD,EURUSD=,0.9251717999999999
171,2023-11-28 10:02:34,2023-11-01,Forward,BITTE_KAI,Sell,DKK,204821.8,USD,30000.0,6.8273933,6.8083,6.8089933,2023-11-28,0,0D,USD/DKK,USDDKK=,6.827393333333333
172,2023-11-15 13:10:38,2023-11-01,Spot,BITTE_KAI,Buy,SEK,1900000.0,DKK,1232741.38,0.64881125,0.65121125,0.65121125,2023-11-17,2,<1W,SEK/DKK,SEKDKK=,0.6488112526315789
173,2023-11-15 16:04:20,2023-11-01,Spot,BITTE_KAI,Sell,EUR,55561.8,USD,60000.0,0.92603,0.9228,0.9228,2023-11-17,2,<1W,EUR/USD,EURUSD=,0.92603
174,2023-11-06 12:18:44,2023-11-01,Forward,BLINK_CONSUL,Sell,DKK,1868103.77,EUR,249800.0,7.4783978,7.45833,7.4584978,2023-11-06,0,0D,EUR/DKK,EURDKK=,7.478397798238591
175,2023-11-06 12:19:09,2023-11-01,Forward,BLINK_CONSUL,Sell,DKK,402320.52,USD,57816.0,6.9586363,6.93953,6.9402363,2023-11-06,0,0D,USD/DKK,USDDKK=,6.958636363636364
176,2023-11-07 08:25:36,2023-11-01,Forward,BLUE_LINE,Sell,DKK,67695.76,USD,9700.0,6.9789441,6.97265,6.9734241,2023-11-07,0,0D,USD/DKK,USDDKK=,6.9789443298969065
177,2023-11-06 14:16:56,2023-11-01,Forward,BLUE_LINE,Sell,DKK,868887.5,USD,125000.0,6.9511,6.94787,6.946156,2023-11-13,7,1W,USD/DKK,USDDKK=,6.9511
178,2023-11-02 08:35:59,2023-11-01,Forward,BLUE_LINE,Sell,DKK,302892.0,USD,43000.0,7.044,7.0372,7.0386266,2023-11-02,0,0D,USD/DKK,USDDKK=,7.044
179,2023-11-06 14:16:21,2023-11-01,Forward,BLUE_LINE,Sell,DKK,556176.0,USD,80000.0,6.9522,6.94644,6.9460907,2023-11-09,3,<1W,USD/DKK,USDDKK=,6.9522
180,2023-11-10 13:27:46,2023-11-01,Forward,BLUE_LINE,Buy,EUR,45000.0,DKK,335320.12,7.4515583,7.45725,7.4575283,2023-11-10,0,0D,EUR/DKK,EURDKK=,7.451558222222222
181,2023-11-13 14:20:32,2023-11-01,Forward,BLUE_LINE,Buy,EUR,7000.0,USD,7461.06,1.0658658,1.06713,1.0670458,2023-11-13,0,0D,EUR/USD,EURUSD=,0.9382044910508694
182,2023-11-21 12:25:44,2023-11-01,Spot,BNPP,Sell,USD,2188600.0,EUR,2000000.0,1.0943,1.0943,1.0943,2023-11-24,3,<1W,,,0.9138261902586128
183,2023-11-08 10:14:59,2023-11-01,Forward,BOGBALLE,Buy,EUR,600000.0,DKK,4462715.94,7.4378599,7.45768,7.4577599,2023-11-09,1,<1W,EUR/DKK,EURDKK=,7.4378599
184,2023-11-01 11:06:39,2023-11-01,Forward,BOGBALLE,Buy,EUR,500000.0,DKK,3722106.2,7.4442124,7.464,7.4641124,2023-11-01,0,0D,EUR/DKK,EURDKK=,7.4442124000000005
185,2023-11-08 09:51:11,2023-11-01,Forward,BOOKMUNDI,Buy,USD,300000.0,DKK,2092209.51,6.9740317,6.9872,6.9878317,2023-11-08,0,0D,USD/DKK,USDDKK=,6.9740317
186,2023-11-17 13:32:21,2023-11-01,Forward,BRANDFIX_AS,Sell,DKK,716364.74,USD,104090.96,6.8821033,6.8657,6.8633433,2023-11-28,11,1W,USD/DKK,USDDKK=,6.882103306569562
187,2023-11-28 16:22:30,2023-11-01,Forward,BRANDFIX_AS,Sell,DKK,2194284.46,GBP,254776.52,8.6125851,8.6012,8.5798851,2024-01-22,55,2M,GBP/DKK,GBPDKK=,8.61258510007123
188,2023-11-17 13:54:55,2023-11-01,Forward,BRANDFIX_AS,Sell,DKK,1077842.29,USD,156705.83,6.878125,6.864,6.858965,2023-12-06,19,3W,USD/DKK,USDDKK=,6.878125019343569
189,2023-10-31 10:24:18,2023-10-01,Forward,BRAVO_T_1998,Sell,DKK,9718817.29,EUR,1300000.0,7.4760133,7.46422,7.4640733,2023-10-31,0,0D,EUR/DKK,EURDKK=,7.476013299999999
190,2023-11-24 11:50:43,2023-11-01,Forward,BRAVO_T_1998,Sell,DKK,9709509.94,EUR,1300000.0,7.4688538,7.45658,7.4569138,2023-11-24,0,0D,EUR/DKK,EURDKK=,7.4688538
191,2023-11-01 14:30:50,2023-11-01,Forward,BRDR_KRU_TRA,Buy,EUR,10000.0,DKK,74449.22,7.4449224,7.46475,7.4648224,2023-11-02,1,<1W,EUR/DKK,EURDKK=,7.444922
192,2023-11-06 16:45:22,2023-11-01,Forward,BRDR_KRU_TRA,Buy,EUR,10000.0,DKK,74384.78,7.4384778,7.4583,7.4583778,2023-11-07,1,<1W,EUR/DKK,EURDKK=,7.438478
193,2023-11-16 15:20:40,2023-11-01,Forward,BRD_HARTMANN,Buy,USD,3500000.0,DKK,24024643.3,6.8641838,6.8635,6.8644938,2023-11-17,1,<1W,USD/DKK,USDDKK=,6.8641838
194,2023-11-13 12:20:33,2023-11-01,Spot,B_AP_PENSION,Buy,SEK,600000.0,DKK,384769.7,0.64128284,0.64129284,0.64129284,2023-11-15,2,<1W,SEK/DKK,SEKDKK=,0.6412828333333334
195,2023-11-16 12:23:05,2023-11-01,Forward,B_AP_PENSION,Buy,CHF,17600000.0,USD,19806347.93,0.888604,0.88831,0.888584,2023-11-17,1,<1W,USD/CHF,USDCHF=,0.8886040002024745
196,2023-11-08 13:07:10,2023-11-01,Swap,B_AP_PENSION,Buy,JPY,1700000000.0,DKK,78750868.0,0.046397046,0.04632404,0.046396946,2023-11-24,16,2W,JPY/DKK,JPYDKK=,0.04632404
197,2023-11-23 09:17:06,2023-11-01,Forward,B_AP_PENSION,Sell,USD,1744516.16,EUR,1600000.0,1.0903226,1.09043,1.0903026,2023-11-24,1,<1W,,,0.9171597470326672
198,2023-11-08 14:14:35,2023-11-01,Forward,B_AP_PENSION,Buy,AUD,7750000.0,DKK,34818421.13,4.4926995,4.4927,4.4927695,2023-11-09,1,<1W,AUD/DKK,AUDDKK=,4.492699500645162
199,2023-11-15 13:36:22,2023-11-01,Forward,B_AP_PENSION,Buy,EUR,2000000.0,DKK,14918943.4,7.4594717,7.45942,7.4595017,2023-11-16,1,<1W,EUR/DKK,EURDKK=,7.4594717
200,2023-11-22 09:31:10,2023-11-01,Swap,B_AP_PENSION,Sell,DKK,225898835.78,JPY,4927555095.0,0.046680369,0.045844,0.046682069,2024-05-17,177,>3M,JPY/DKK,JPYDKK=,0.04584400000097817
201,2023-11-15 11:13:51,2023-11-01,Swap,B_AP_PENSION,Sell,DKK,34372898.04,SEK,52818000.0,0.648986,0.65078,0.648996,2024-05-24,191,>3M,SEK/DKK,SEKDKK=,0.65078
202,2023-11-15 14:10:33,2023-11-01,Forward,CANSON,Sell,DKK,960614.61,USD,140000.0,6.8615329,6.86257,6.8396929,2024-01-16,62,2M,USD/DKK,USDDKK=,6.861532928571428
203,2023-11-06 09:18:37,2023-11-01,Forward,CARNET_TEXT,Sell,DKK,1474374.5,USD,215000.0,6.8575558,6.9495,6.8374658,2024-09-03,302,>3M,USD/DKK,USDDKK=,6.857555813953488
204,2023-11-06 09:17:32,2023-11-01,Forward,CARNET_TEXT,Sell,DKK,1921802.51,USD,280000.0,6.8635804,6.9495,6.8440904,2024-08-15,283,>3M,USD/DKK,USDDKK=,6.863580392857143
205,2023-11-06 09:16:51,2023-11-01,Forward,CARNET_TEXT,Sell,DKK,1098970.16,USD,160000.0,6.8685635,6.9495,6.8495635,2024-08-01,269,>3M,USD/DKK,USDDKK=,6.8685635
206,2023-11-06 09:16:06,2023-11-01,Forward,CARNET_TEXT,Sell,DKK,653043.87,USD,95000.0,6.874146,6.9495,6.855696,2024-07-15,252,>3M,USD/DKK,USDDKK=,6.874146
207,2023-11-06 09:14:31,2023-11-01,Forward,CARNET_TEXT,Sell,DKK,1411133.06,USD,205000.0,6.8835759,6.9495,6.8660659,2024-06-17,224,>3M,USD/DKK,USDDKK=,6.883575902439024
208,2023-11-06 09:13:16,2023-11-01,Forward,CARNET_TEXT,Sell,DKK,654366.66,USD,95000.0,6.8880701,6.9495,6.8710001,2024-06-03,210,>3M,USD/DKK,USDDKK=,6.888070105263158
209,2023-11-06 09:12:06,2023-11-01,Forward,CARNET_TEXT,Sell,DKK,172484.9,USD,25000.0,6.8993959,6.9495,6.8834459,2024-05-01,177,>3M,USD/DKK,USDDKK=,6.899395999999999
210,2023-11-13 09:37:34,2023-11-01,Swap,CARNET_TEXT,Buy,USD,300000.0,DKK,2092876.53,6.972245,6.97813,6.971655,2023-12-04,21,3W,USD/DKK,USDDKK=,6.9762551
211,2023-11-06 09:20:22,2023-11-01,Forward,CARNET_TEXT,Sell,DKK,547427.25,USD,80000.0,6.8428406,6.9495,6.8213006,2024-10-16,345,>3M,USD/DKK,USDDKK=,6.842840625
212,2023-11-06 09:19:37,2023-11-01,Forward,CARNET_TEXT,Sell,DKK,1302019.84,USD,190000.0,6.852736,6.9495,6.832166,2024-09-16,315,>3M,USD/DKK,USDDKK=,6.852736
213,2023-11-06 09:15:16,2023-11-01,Forward,CARNET_TEXT,Sell,DKK,1410221.18,USD,205000.0,6.8791277,6.9495,6.8611777,2024-07-01,238,>3M,USD/DKK,USDDKK=,6.879127707317073
214,2023-11-03 16:50:33,2023-11-01,Forward,CARSTEN_OVLI,Sell,DKK,3872975.5,CHF,500000.0,7.745951,7.73988,7.741151,2023-11-10,7,1W,CHF/DKK,CHFDKK=,7.745951
215,2023-11-09 15:12:05,2023-11-01,Forward,CARSTEN_OVLI,Sell,DKK,46564.19,SEK,72507.3,0.6422,0.64147,0.6414881,2023-11-10,1,<1W,SEK/DKK,SEKDKK=,0.6422000267559267
216,2023-11-09 14:48:41,2023-11-01,Swap,CARSTEN_OVLI,Buy,NOK,3000000.0,SEK,2925600.0,0.9734,0.97532,0.973289,2024-03-26,138,>3M,,,
217,2023-11-09 14:45:46,2023-11-01,Swap,CARSTEN_OVLI,Buy,NOK,3000000.0,DKK,1875900.0,0.6231,0.6254,0.6230683,2024-03-26,138,>3M,NOK/DKK,NOKDKK=,0.6253
218,2023-11-09 14:43:50,2023-11-01,Swap,CARSTEN_OVLI,Buy,AUD,300000.0,DKK,1340760.0,4.4418,4.46674,4.4378162,2024-06-25,229,>3M,AUD/DKK,AUDDKK=,4.4692
219,2023-11-09 14:42:55,2023-11-01,Swap,CARSTEN_OVLI,Buy,AUD,300000.0,DKK,1340760.0,4.4553,4.4666,4.4515741,2024-03-26,138,>3M,AUD/DKK,AUDDKK=,4.4692
220,2023-11-03 13:35:30,2023-11-01,Swap,CARSTEN_OVLI,Buy,AUD,400000.0,DKK,1810840.0,4.5004,4.5277,4.4991135,2024-06-25,235,>3M,AUD/DKK,AUDDKK=,4.5271
221,2023-11-13 08:08:30,2023-11-01,Forward,CARSTEN_OVLI,Sell,DKK,3414320.0,GBP,400000.0,8.5358,8.538,8.53222,2023-12-01,18,3W,GBP/DKK,GBPDKK=,8.5358
222,2023-11-16 15:38:34,2023-11-01,Swap,CARSTEN_OVLI,Buy,NOK,3000000.0,DKK,1894998.0,0.6296226,0.6318,0.6295526,2024-03-25,130,>3M,NOK/DKK,NOKDKK=,0.631666
223,2023-11-16 16:56:50,2023-11-01,Swap,CARSTEN_OVLI,Buy,NOK,6000000.0,DKK,3777942.0,0.6257674,0.62979,0.6256374,2024-06-25,222,>3M,NOK/DKK,NOKDKK=,0.629657
224,2023-11-20 14:30:42,2023-11-01,Forward,CE_BAHNSEN,Buy,EUR,20000.0,DKK,148722.0,7.4361,7.456,7.456,2023-11-20,0,0D,EUR/DKK,EURDKK=,7.4361
225,2023-11-13 11:19:14,2023-11-01,Forward,CE_BAHNSEN,Buy,EUR,40000.0,DKK,297585.29,7.4396323,7.45941,7.4595323,2023-11-13,0,0D,EUR/DKK,EURDKK=,7.43963225
226,2023-10-31 11:04:29,2023-10-01,Forward,CE_BAHNSEN,Buy,EUR,12000.0,DKK,89327.53,7.4439605,7.46415,7.4638605,2023-10-31,0,0D,EUR/DKK,EURDKK=,7.443960833333334
227,2023-11-21 11:54:16,2023-11-01,Forward,CE_BAHNSEN,Buy,EUR,30000.0,DKK,223103.56,7.4367854,7.4565,7.4566854,2023-11-21,0,0D,EUR/DKK,EURDKK=,7.436785333333333
228,2023-11-16 12:20:14,2023-11-01,Forward,CE_BAHNSEN,Buy,EUR,20000.0,DKK,148787.71,7.4393854,7.45903,7.4592854,2023-11-16,0,0D,EUR/DKK,EURDKK=,7.439385499999999
229,2023-11-22 10:51:08,2023-11-01,Forward,CE_BAHNSEN,Buy,EUR,30000.0,DKK,223045.56,7.434852,7.45457,7.454752,2023-11-22,0,0D,EUR/DKK,EURDKK=,7.434852
230,2023-11-27 09:44:08,2023-11-01,Forward,CE_BAHNSEN,Buy,EUR,30000.0,DKK,223090.56,7.436352,7.45611,7.456252,2023-11-27,0,0D,EUR/DKK,EURDKK=,7.436352
231,2023-11-10 14:15:58,2023-11-01,Forward,CE_BAHNSEN,Buy,EUR,120000.0,DKK,892512.0,7.4376,7.4575,7.4575,2023-11-10,0,0D,EUR/DKK,EURDKK=,7.4376
232,2023-11-28 08:05:16,2023-11-01,Forward,CHR_HANSEN,Buy,USD,2000000.0,DKK,13608632.2,6.8043161,6.8041,6.8044261,2023-11-29,1,<1W,USD/DKK,USDDKK=,6.804316099999999
233,2023-11-22 07:57:54,2023-11-01,Spot,CHR_HANSEN,Buy,USD,2500000.0,DKK,17095750.0,6.8383,6.83841,6.83841,2023-11-24,2,<1W,USD/DKK,USDDKK=,6.8383
234,2023-11-10 12:49:21,2023-11-01,Forward,CJ_B_SCHMIDT,Buy,EUR,134000.0,DKK,996627.39,7.4375178,7.45714,7.4574178,2023-11-10,0,0D,EUR/DKK,EURDKK=,7.437517835820896
235,2023-11-15 13:44:54,2023-11-01,Swap,CLAIRE,Buy,USD,650000.0,DKK,4466670.0,6.8617,6.8718,6.860794,2023-12-18,33,1M,USD/DKK,USDDKK=,6.8718
236,2023-11-23 15:21:01,2023-11-01,Forward,CLAIRE,Buy,EUR,125000.0,DKK,930693.75,7.44555,7.4555,7.4555,2023-11-23,0,0D,EUR/DKK,EURDKK=,7.44555
237,2023-11-07 07:55:24,2023-11-01,Swap,CLAIRE,Sell,DKK,1088220.0,USD,150000.0,7.2522,7.2548,7.25232,2023-11-14,7,1W,USD/DKK,USDDKK=,7.2548
238,2023-11-23 15:04:15,2023-11-01,Swap,CLAIRE,Buy,USD,700000.0,DKK,5098870.0,7.2751,7.2841,7.2743,2023-12-29,36,2M,USD/DKK,USDDKK=,7.2841
239,2023-11-15 13:46:29,2023-11-01,Forward,CLAIRE,Buy,EUR,100000.0,DKK,744950.0,7.4495,7.45928,7.4594399,2023-11-15,0,0D,EUR/DKK,EURDKK=,7.4495
240,2023-11-07 10:21:02,2023-11-01,Forward,CLAIRE,Buy,EUR,150000.0,DKK,1117245.0,7.4483,7.45813,7.4582628,2023-11-07,0,0D,EUR/DKK,EURDKK=,7.4483
241,2023-10-31 09:37:14,2023-10-01,Swap,CLAIRE,Buy,NOK,24500000.0,DKK,16127615.0,0.65797,0.65827,0.657898,2023-11-30,30,1M,NOK/DKK,NOKDKK=,0.65827
242,2023-10-31 09:39:50,2023-10-01,Swap,CLAIRE,Buy,NOK,4000000.0,DKK,2633600.0,0.6581,0.6584,0.658028,2023-11-30,30,1M,NOK/DKK,NOKDKK=,0.6584
243,2023-11-15 13:45:54,2023-11-01,Swap,CLAIRE,Buy,NOK,5000000.0,DKK,3170500.0,0.634,0.6341,0.6339482,2023-11-30,15,2W,NOK/DKK,NOKDKK=,0.6341
244,2023-11-07 10:20:37,2023-11-01,Forward,CLAIRE,Buy,SEK,200000.0,DKK,127220.0,0.6361,0.63734,0.6373466,2023-11-07,0,0D,SEK/DKK,SEKDKK=,0.6361
245,2023-10-31 07:45:31,2023-10-01,Swap,CLAIRE,Buy,NOK,4000000.0,DKK,2584400.0,0.6458,0.6461,0.645728,2023-11-30,30,1M,NOK/DKK,NOKDKK=,0.6461
246,2023-11-16 15:13:44,2023-11-01,Spot,COLOPLAST,Buy,CAD,2200000.0,DKK,10992630.0,4.99665,4.9968,4.9968,2023-11-20,4,<1W,CAD/DKK,CADDKK=,4.99665
247,2023-11-27 11:15:22,2023-11-01,Swap,COLOPLAST,Sell,DKK,39900800.0,CAD,8000000.0,4.9153139,4.9876,4.9157539,2024-11-27,366,>3M,CAD/DKK,CADDKK=,4.9876
248,2023-11-27 10:35:00,2023-11-01,Swap,COLOPLAST,Sell,DKK,15914500.0,NOK,25000000.0,0.629428,0.63658,0.629478,2024-11-27,366,>3M,NOK/DKK,NOKDKK=,0.63658
249,2023-11-27 10:38:16,2023-11-01,Swap,COLOPLAST,Sell,DKK,16337500.0,SEK,25000000.0,0.6496912,0.6535,0.6497212,2024-11-27,366,>3M,SEK/DKK,SEKDKK=,0.6535
250,2023-11-22 11:02:15,2023-11-01,Forward,CONSCIA,Sell,DKK,510730.36,USD,74785.0,6.8293155,6.83855,6.8162655,2024-01-22,61,2M,USD/DKK,USDDKK=,6.829315504446079
251,2023-11-08 08:19:43,2023-11-01,Forward,CONSCIA,Sell,DKK,1941389.63,USD,279393.24,6.948592,6.98471,6.932882,2024-03-25,138,>3M,USD/DKK,USDDKK=,6.9485919917031636
252,2023-11-13 12:54:33,2023-11-01,Forward,CONSCIA,Sell,DKK,1400773.48,USD,201233.9,6.960922,6.98142,6.946762,2024-02-13,92,3M,USD/DKK,USDDKK=,6.960921991771764
253,2023-11-21 09:43:08,2023-11-01,Forward,CONSCIA,Sell,DKK,1940741.95,USD,285456.0,6.7987429,6.80762,6.7857329,2024-01-22,62,2M,USD/DKK,USDDKK=,6.798742888571268
254,2023-11-23 15:33:38,2023-11-01,Forward,CONSCIA,Sell,DKK,4727986.72,USD,693091.7,6.821589,6.84206,6.807429,2024-02-29,98,>3M,USD/DKK,USDDKK=,6.821589004744971
255,2023-11-23 08:15:02,2023-11-01,Forward,CONSCIA,Sell,DKK,656126.45,USD,96115.61,6.8264296,6.8356,6.8133896,2024-01-26,64,2M,USD/DKK,USDDKK=,6.826429650709182
256,2023-11-23 08:28:54,2023-11-01,Forward,CONSCIA,Sell,DKK,1129887.36,USD,165613.6,6.822431,6.8326,6.809291,2024-01-29,67,3M,USD/DKK,USDDKK=,6.8224310080814625
257,2023-10-31 12:45:24,2023-10-01,Forward,CONSCIA,Sell,DKK,527707.64,USD,75570.46,6.9829883,7.00483,6.9686883,2024-02-01,93,3M,USD/DKK,USDDKK=,6.982988326391026
258,2023-11-01 08:47:18,2023-11-01,Forward,CONSCIA,Sell,DKK,396938.71,USD,56415.73,7.035958,7.06846,7.020608,2024-02-28,119,>3M,USD/DKK,USDDKK=,7.0359580563789565
259,2023-11-01 08:50:08,2023-11-01,Forward,CONSCIA,Sell,DKK,957593.2,USD,135905.72,7.046011,7.06847,7.031651,2024-02-01,92,3M,USD/DKK,USDDKK=,7.046011014105955
260,2023-11-01 08:52:09,2023-11-01,Forward,CONSCIA,Sell,DKK,492578.4,USD,69914.25,7.045465,7.06792,7.031105,2024-02-01,92,3M,USD/DKK,USDDKK=,7.045464980315172
261,2023-11-13 07:50:37,2023-11-01,Forward,CONSCIA,Sell,DKK,1282559.77,USD,184248.06,6.961049,6.9766,6.947379,2024-02-01,80,3M,USD/DKK,USDDKK=,6.961048979294545
262,2023-11-01 11:15:55,2023-11-01,Forward,CONSCIA,Sell,DKK,2821111.83,USD,399968.07,7.0533426,7.07512,7.0390526,2024-02-01,92,3M,USD/DKK,USDDKK=,7.05334260807369
263,2023-11-01 11:18:06,2023-11-01,Forward,CONSCIA,Sell,DKK,493182.17,USD,69914.25,7.0541009,7.07588,7.0398109,2024-02-01,92,3M,USD/DKK,USDDKK=,7.054100844963652
264,2023-11-01 11:19:41,2023-11-01,Forward,CONSCIA,Sell,DKK,2821276.01,USD,399968.07,7.0537531,7.07553,7.0394631,2024-02-01,92,3M,USD/DKK,USDDKK=,7.053753090840476
265,2023-11-09 13:47:52,2023-11-01,Forward,CONSCIA,Sell,DKK,576684.94,USD,82956.89,6.951622,6.9779,6.936882,2024-03-01,113,>3M,USD/DKK,USDDKK=,6.951621981007243
266,2023-11-14 11:22:52,2023-11-01,Forward,CONSCIA,Sell,DKK,811767.08,USD,117173.58,6.927902,6.95374,6.913212,2024-03-01,108,>3M,USD/DKK,USDDKK=,6.927902006578615
267,2023-11-08 08:23:43,2023-11-01,Forward,CONSCIA,Sell,DKK,487350.73,USD,69979.79,6.964164,6.98467,6.950004,2024-02-08,92,3M,USD/DKK,USDDKK=,6.964163939331628
268,2023-11-21 09:03:37,2023-11-01,Forward,CONSCIA,Sell,DKK,2662720.23,USD,391353.49,6.803875,6.80346,6.791775,2023-12-29,38,2M,USD/DKK,USDDKK=,6.803875008243826
269,2023-11-24 15:20:24,2023-11-01,Forward,CONSCIA,Sell,DKK,445550.16,USD,65485.18,6.803832,6.82416,6.789682,2024-02-29,97,>3M,USD/DKK,USDDKK=,6.80383195098494
270,2023-11-24 15:14:38,2023-11-01,Forward,CONSCIA,Sell,DKK,356004.85,USD,52294.68,6.8076685,6.82702,6.7936185,2024-02-26,94,3M,USD/DKK,USDDKK=,6.807668581201758
271,2023-11-23 11:16:54,2023-11-01,Forward,CONSCIA,Sell,DKK,629302.32,USD,92499.92,6.8032742,6.8277,6.7887242,2024-03-12,110,>3M,USD/DKK,USDDKK=,6.803274208237153
272,2023-11-28 16:35:22,2023-11-01,Forward,CONSCIA,Sell,DKK,2429572.41,USD,359260.35,6.7627068,6.79355,6.7475168,2024-04-02,126,>3M,USD/DKK,USDDKK=,6.762706794668547
273,2023-11-24 15:10:07,2023-11-01,Forward,CONSCIA,Sell,DKK,3466287.56,USD,507554.2,6.8293939,6.82795,6.8174039,2023-12-29,35,1M,USD/DKK,USDDKK=,6.829393905123827
274,2023-11-16 09:29:09,2023-11-01,Forward,CONSCIA_NO,Sell,NOK,1154449.34,USD,106727.71,10.8167723,10.81595,10.7918823,2024-02-14,90,3M,USD/NOK,USDNOK=,10.816772326512018
275,2023-11-03 08:04:30,2023-11-01,Forward,CONSCIA_NO,Sell,NOK,2106010.2,USD,188904.32,11.148555,11.14244,11.123445,2024-01-05,63,2M,USD/NOK,USDNOK=,11.148554993342662
276,2023-11-15 13:22:40,2023-11-01,Forward,CONSCIA_NO,Sell,NOK,870458.68,USD,80350.34,10.8332918,10.83598,10.8080118,2024-02-26,103,>3M,USD/NOK,USDNOK=,10.833291806854833
277,2023-11-28 09:01:40,2023-11-01,Forward,CONSCIA_NO,Sell,NOK,1845112.77,USD,173264.17,10.6491306,10.65011,10.6244506,2024-02-29,93,3M,USD/NOK,USDNOK=,10.649130573274324
278,2023-11-16 12:27:26,2023-11-01,Forward,CONSCIA_NO,Sell,NOK,614326.03,USD,56814.0,10.812934,10.82493,10.786754,2024-04-12,148,>3M,USD/NOK,USDNOK=,10.812933959939452
279,2023-11-23 08:09:11,2023-11-01,Forward,CONSCIA_NO,Sell,NOK,3292071.34,USD,306408.36,10.744065,10.73662,10.720015,2024-01-26,64,2M,USD/NOK,USDNOK=,10.744065011803203
280,2023-11-24 13:27:12,2023-11-01,Forward,CONSCIA_NO,Sell,NOK,2914464.38,USD,271329.12,10.741436,10.7407,10.716716,2024-02-23,91,3M,USD/NOK,USDNOK=,10.74143600952231
281,2023-10-31 13:10:32,2023-10-01,Forward,CONSCIA_NO,Sell,NOK,1396255.23,USD,125319.3,11.1415818,11.14224,11.1158018,2024-01-26,87,3M,USD/NOK,USDNOK=,11.141581783492247
282,2023-11-01 09:52:48,2023-11-01,Forward,CONSCIA_NO,Sell,NOK,1195871.44,USD,106829.44,11.1942124,11.2102,11.1667424,2024-03-26,146,>3M,USD/NOK,USDNOK=,11.194212381905212
283,2023-11-08 14:03:03,2023-11-01,Forward,CONSCIA_NO,Sell,NOK,1349551.57,USD,120525.51,11.1972276,11.19751,11.1713476,2024-02-06,90,3M,USD/NOK,USDNOK=,11.197227624259794
284,2023-11-08 14:54:52,2023-11-01,Forward,CONSCIA_NO,Sell,NOK,11112787.11,USD,991913.17,11.203387,11.19079,11.178797,2023-12-18,40,2M,USD/NOK,USDNOK=,11.203386996061358
285,2023-11-23 09:32:49,2023-11-01,Forward,CONSCIA_NO,Sell,NOK,2155662.39,USD,201388.0,10.704026,10.7045,10.679266,2024-02-27,96,>3M,USD/NOK,USDNOK=,10.704026009494111
286,2023-11-01 08:29:15,2023-11-01,Forward,CONS_NEDE_BV,Sell,EUR,117380.56,USD,124000.0,1.056393,1.0568,1.058793,2023-12-20,49,2M,EUR/USD,EURUSD=,0.9466174193548387
287,2023-11-23 15:51:11,2023-11-01,Forward,CONS_NEDE_BV,Sell,EUR,151505.19,USD,165000.0,1.0890716,1.08963,1.0915416,2024-01-03,41,2M,EUR/USD,EURUSD=,0.9182132727272727
288,2023-11-20 16:37:26,2023-11-01,Forward,CONS_NEDE_BV,Sell,EUR,179897.98,USD,197000.0,1.0950651,1.0931,1.0977951,2024-02-28,100,>3M,EUR/USD,EURUSD=,0.9131877157360406
289,2023-11-13 16:29:28,2023-11-01,Forward,CONS_NEDE_BV,Sell,EUR,76679.13,USD,82000.0,1.0693914,1.06821,1.0719814,2024-01-31,79,3M,EUR/USD,EURUSD=,0.9351113414634147
290,2023-11-17 07:50:40,2023-11-01,Swap,CONS_NEDE_BV,Buy,USD,3694000.0,EUR,3403909.0,1.0862229,1.0852229,1.0865099,2023-12-20,33,1M,,,0.9214696805630752
291,2023-11-20 16:36:46,2023-11-01,Forward,CONS_NEDE_BV,Sell,EUR,191751.89,USD,210000.0,1.0951652,1.0932,1.0978952,2024-02-28,100,>3M,EUR/USD,EURUSD=,0.9131042380952381
292,2023-11-15 09:02:01,2023-11-01,Forward,CONS_NEDE_BV,Sell,EUR,75502.99,USD,82000.0,1.0860497,1.08733,1.0884397,2023-12-13,28,1M,EUR/USD,EURUSD=,0.9207681707317074
293,2023-11-20 16:37:46,2023-11-01,Forward,CONS_NEDE_BV,Sell,EUR,169857.34,USD,186000.0,1.0950366,1.09307,1.0977666,2024-02-28,100,>3M,EUR/USD,EURUSD=,0.9132115053763441
294,2023-11-28 09:07:46,2023-11-01,Forward,CONS_NEDE_BV,Sell,EUR,170026.98,USD,186000.0,1.093944,1.0943,1.096444,2024-01-10,43,2M,EUR/USD,EURUSD=,0.9141235483870969
295,2023-11-09 10:33:59,2023-11-01,Forward,CONS_NEDE_BV,Sell,EUR,93616.15,USD,101000.0,1.0788737,1.07021,1.0822037,2024-07-17,251,>3M,EUR/USD,EURUSD=,0.9268925742574257
296,2023-11-16 11:10:54,2023-11-01,Swap,CONS_NEDE_BV,Sell,USD,1.08,EUR,1.0,1.0861687,1.0848522,1.0862987,2023-12-20,34,1M,,,0.9259259259259258
297,2023-11-13 12:57:09,2023-11-01,Forward,CONS_NEDE_BV,Sell,EUR,69096.09,USD,74000.0,1.0709723,1.06859,1.0736823,2024-02-28,107,>3M,EUR/USD,EURUSD=,0.9337309459459459
298,2023-11-15 09:00:36,2023-11-01,Forward,CONS_NEDE_BV,Sell,EUR,91870.55,USD,100000.0,1.0884881,1.0874,1.0911181,2024-01-31,77,3M,EUR/USD,EURUSD=,0.9187055000000001
299,2023-11-06 13:17:37,2023-11-01,Forward,CONS_NEDE_BV,Sell,EUR,64171.27,USD,69000.0,1.0752475,1.07489,1.0777675,2024-01-03,58,2M,EUR/USD,EURUSD=,0.9300184057971014
300,2023-11-16 14:06:09,2023-11-01,Swap,CONS_NEDE_BV,Buy,USD,384000.0,EUR,354030.37,1.0859695,1.0846527,1.0860995,2023-12-20,34,1M,,,0.9219540885416666
301,2023-11-23 10:44:45,2023-11-01,Forward,CONS_NEDE_BV,Sell,EUR,110766.97,USD,121000.0,1.0923834,1.09176,1.0949734,2024-01-31,69,3M,EUR/USD,EURUSD=,0.9154295041322315
302,2023-11-10 12:08:30,2023-11-01,Forward,CONTINA_SOFT,Buy,EUR,600000.0,DKK,4462968.06,7.4382801,7.4579,7.4581801,2023-11-10,0,0D,EUR/DKK,EURDKK=,7.438280099999999
303,2023-11-10 12:07:35,2023-11-01,Forward,CONTINA_SOFT,Buy,SEK,1250000.0,DKK,797896.0,0.6383168,0.6407,0.6407168,2023-11-10,0,0D,SEK/DKK,SEKDKK=,0.6383168
304,2023-11-09 09:51:18,2023-11-01,Forward,COOP,Sell,DKK,74565417.0,EUR,10000000.0,7.4565417,7.45698,7.4564317,2023-11-20,11,1W,EUR/DKK,EURDKK=,7.4565417
305,2023-11-09 09:51:33,2023-11-01,Forward,COOP,Sell,DKK,74560011.0,EUR,10000000.0,7.4560011,7.45698,7.4558911,2023-11-27,18,3W,EUR/DKK,EURDKK=,7.4560011
306,2023-11-10 10:15:13,2023-11-01,Forward,COP_JADE,Buy,DKK,60000.0,USD,8553.65,0.1425608,0.1431,0.1430708,2023-11-10,0,0D,USD/DKK,USDDKK=,7.014549344431909
307,2023-11-24 14:30:47,2023-11-01,Forward,COP_JADE,Buy,DKK,113000.0,EUR,15100.19,0.13363,0.1341,0.1341,2023-11-24,0,0D,EUR/DKK,EURDKK=,7.483349547257352
308,2023-11-03 14:42:19,2023-11-01,Forward,COP_JADE,Buy,DKK,188000.0,EUR,25103.26,0.133528,0.133998,0.133998,2023-11-03,0,0D,EUR/DKK,EURDKK=,7.489067157014667
309,2023-11-15 13:38:33,2023-11-01,Forward,COP_JADE,Buy,DKK,8000.0,EUR,1068.61,0.1335764,0.13405,0.1340464,2023-11-15,0,0D,EUR/DKK,EURDKK=,7.4863607864422015
310,2023-11-09 15:26:52,2023-11-01,Forward,COP_JADE,Buy,DKK,170000.0,USD,24308.3,0.14299,0.1435,0.1435,2023-11-09,0,0D,USD/DKK,USDDKK=,6.993496048674733
311,2023-11-23 08:23:40,2023-11-01,Forward,COP_JADE,Sell,DKK,199984.77,EUR,26732.0,7.4811,7.4612,7.4612,2023-11-23,0,0D,EUR/DKK,EURDKK=,7.481100179560078
312,2023-11-06 12:28:11,2023-11-01,Forward,COP_JADE,Buy,DKK,150000.0,EUR,20039.52,0.1335968,0.13407,0.1340668,2023-11-06,0,0D,EUR/DKK,EURDKK=,7.485209226568301
313,2023-11-20 15:23:45,2023-11-01,Forward,COP_JADE,Buy,DKK,55000.0,USD,8025.05,0.14591,0.14643,0.14643,2023-11-20,0,0D,USD/DKK,USDDKK=,6.853539853334247
314,2023-11-17 13:30:26,2023-11-01,Forward,COP_JADE,Buy,DKK,190000.0,EUR,25382.82,0.1335938,0.13407,0.1340638,2023-11-17,0,0D,EUR/DKK,EURDKK=,7.485377905213054
315,2023-11-15 14:44:49,2023-11-01,Forward,CORE_ONE_AS,Buy,USD,400000.0,DKK,2747739.24,6.8693481,6.88005,6.8803881,2023-11-16,1,<1W,USD/DKK,USDDKK=,6.869348100000001
316,2023-11-24 08:45:56,2023-11-01,Forward,CUST_EQ,Sell,DKK,7416.11,EUR,992.0,7.47592,7.47592,7.47592,2023-11-28,4,<1W,EUR/DKK,EURDKK=,7.475917338709677
317,2023-11-24 08:50:44,2023-11-01,Forward,CUST_EQ,Buy,EUR,26368.0,DKK,196061.11,7.43557,7.43557,7.43557,2023-11-28,4,<1W,EUR/DKK,EURDKK=,7.435570009101942
318,2023-11-24 08:51:32,2023-11-01,Forward,CUST_EQ,Sell,DKK,158832.39,SEK,242640.0,0.654601,0.654601,0.654601,2023-11-28,4,<1W,SEK/DKK,SEKDKK=,0.6546010138476757
319,2023-11-24 08:54:17,2023-11-01,Forward,CUST_EQ,Sell,DKK,58986.71,NOK,92510.2,0.6376239,0.6376239,0.6376239,2023-11-28,4,<1W,NOK/DKK,NOKDKK=,0.6376238512077588
320,2023-11-03 05:50:00,2023-11-01,Forward,CUST_EQ,Buy,HKD,116880.0,DKK,103755.59,0.887710407,0.887710407,0.887710407,2023-11-07,4,<1W,HKD/DKK,HKDDKK=,0.8877103867214237
321,2023-11-03 05:50:00,2023-11-01,Forward,CUST_EQ,Buy,HKD,109920.0,DKK,97577.13,0.887710407,0.887710407,0.887710407,2023-11-07,4,<1W,HKD/DKK,HKDDKK=,0.8877104257641922
322,2023-11-03 05:50:00,2023-11-01,Forward,CUST_EQ,Buy,HKD,1890.5,DKK,1678.22,0.887710407,0.887710407,0.887710407,2023-11-07,4,<1W,HKD/DKK,HKDDKK=,0.8877122454377149
323,2023-11-03 05:50:00,2023-11-01,Forward,CUST_EQ,Buy,HKD,4300.0,DKK,3817.15,0.887710407,0.887710407,0.887710407,2023-11-07,4,<1W,HKD/DKK,HKDDKK=,0.8877093023255814
324,2023-10-31 13:30:10,2023-10-01,Forward,CUST_EQ,Buy,USD,21605.9,DKK,152024.73,7.03626,7.03626,7.03626,2023-11-02,2,<1W,USD/DKK,USDDKK=,7.036260003054721
325,2023-10-31 13:30:11,2023-10-01,Forward,CUST_EQ,Buy,USD,25402.85,DKK,178273.68,7.01786,7.01786,7.01786,2023-11-02,2,<1W,USD/DKK,USDDKK=,7.0178613816953614
326,2023-10-31 13:30:10,2023-10-01,Forward,CUST_EQ,Buy,USD,15882.9,DKK,111463.97,7.01786,7.01786,7.01786,2023-11-02,2,<1W,USD/DKK,USDDKK=,7.017860088522877
327,2023-10-31 13:30:41,2023-10-01,Forward,CUST_EQ,Sell,DKK,4784.37,USD,678.0,7.0566,7.0566,7.0566,2023-11-02,2,<1W,USD/DKK,USDDKK=,7.056592920353983
328,2023-10-31 13:31:51,2023-10-01,Forward,CUST_EQ,Buy,USD,28889.6,DKK,202780.72,7.01916,7.01916,7.01916,2023-11-02,2,<1W,USD/DKK,USDDKK=,7.019159836065574
329,2023-10-31 13:32:40,2023-10-01,Forward,CUST_EQ,Buy,USD,12053.34,DKK,84595.52,7.01843,7.01843,7.01843,2023-11-02,2,<1W,USD/DKK,USDDKK=,7.018429746443725
330,2023-11-27 05:50:00,2023-11-01,Forward,CUST_EQ,Buy,AUD,1188.0,DKK,5302.28,4.4632,4.4632,4.4632,2023-11-29,2,<1W,AUD/DKK,AUDDKK=,4.463198653198653
331,2023-10-31 12:36:10,2023-10-01,Forward,CUST_EQ,Buy,EUR,2875.6,DKK,21406.77,7.44428,7.44428,7.44428,2023-11-02,2,<1W,EUR/DKK,EURDKK=,7.444279454722493
332,2023-10-31 12:44:29,2023-10-01,Forward,CUST_EQ,Buy,EUR,2492.4,DKK,18554.2,7.44431,7.44431,7.44431,2023-11-02,2,<1W,EUR/DKK,EURDKK=,7.444310704541807
333,2023-10-31 13:30:01,2023-10-01,Forward,CUST_EQ,Buy,USD,24055.0,DKK,168830.98,7.01854,7.01854,7.01854,2023-11-02,2,<1W,USD/DKK,USDDKK=,7.01854001247142
334,2023-10-31 13:30:01,2023-10-01,Forward,CUST_EQ,Sell,DKK,214585.46,USD,30401.0,7.0585,7.0585,7.0585,2023-11-02,2,<1W,USD/DKK,USDDKK=,7.058500049340482
335,2023-10-31 13:30:02,2023-10-01,Forward,CUST_EQ,Buy,USD,23797.62,DKK,167024.55,7.01854,7.01854,7.01854,2023-11-02,2,<1W,USD/DKK,USDDKK=,7.018540089303047
336,2023-11-27 15:53:04,2023-11-01,Forward,CUST_EQ,Sell,DKK,57580.75,USD,8417.5,6.8406,6.8406,6.8406,2023-11-29,2,<1W,USD/DKK,USDDKK=,6.84059994059994
337,2023-11-27 15:55:46,2023-11-01,Forward,CUST_EQ,Sell,DKK,95725.9,SEK,146264.94,0.65446924,0.65446924,0.65446924,2023-11-29,2,<1W,SEK/DKK,SEKDKK=,0.6544692118288907
338,2023-11-27 16:01:09,2023-11-01,Forward,CUST_EQ,Sell,DKK,58450.56,SEK,89300.0,0.65454149,0.65454149,0.65454149,2023-11-29,2,<1W,SEK/DKK,SEKDKK=,0.6545415453527436
339,2023-11-27 16:05:19,2023-11-01,Forward,CUST_EQ,Sell,DKK,95725.65,EUR,12804.0,7.47623,7.47623,7.47623,2023-11-29,2,<1W,EUR/DKK,EURDKK=,7.47623008434864
340,2023-11-27 16:15:15,2023-11-01,Forward,CUST_EQ,Sell,DKK,55408.01,USD,8103.05,6.83792,6.83792,6.83792,2023-11-29,2,<1W,USD/DKK,USDDKK=,6.837920289273792
341,2023-11-27 16:19:20,2023-11-01,Forward,CUST_EQ,Sell,DKK,98089.51,USD,14341.96,6.83934,6.83934,6.83934,2023-11-29,2,<1W,USD/DKK,USDDKK=,6.839337858981618
342,2023-11-27 16:19:24,2023-11-01,Forward,CUST_EQ,Sell,DKK,11830.01,USD,1729.7,6.83934,6.83934,6.83934,2023-11-29,2,<1W,USD/DKK,USDDKK=,6.839342082442042
343,2023-11-27 16:23:26,2023-11-01,Forward,CUST_EQ,Sell,DKK,97681.75,USD,14279.52,6.84069,6.84069,6.84069,2023-11-29,2,<1W,USD/DKK,USDDKK=,6.840688622586754
344,2023-11-27 16:23:40,2023-11-01,Forward,CUST_EQ,Buy,USD,10322.05,DKK,70195.72,6.80056,6.80056,6.80056,2023-11-29,2,<1W,USD/DKK,USDDKK=,6.800559966285768
345,2023-11-27 16:24:12,2023-11-01,Forward,CUST_EQ,Sell,DKK,39427.6,USD,5763.69,6.84069,6.84069,6.84069,2023-11-29,2,<1W,USD/DKK,USDDKK=,6.8406871292522675
346,2023-11-27 16:24:12,2023-11-01,Forward,CUST_EQ,Sell,DKK,94746.9,EUR,12674.0,7.47569,7.47569,7.47569,2023-11-29,2,<1W,EUR/DKK,EURDKK=,7.475690389774341
347,2023-11-27 16:35:17,2023-11-01,Forward,CUST_EQ,Sell,DKK,39440.55,EUR,5275.94,7.47555,7.47555,7.47555,2023-11-29,2,<1W,EUR/DKK,EURDKK=,7.475549380773853
348,2023-11-27 16:38:06,2023-11-01,Forward,CUST_EQ,Sell,DKK,39130.12,USD,5719.9,6.84105,6.84105,6.84105,2023-11-29,2,<1W,USD/DKK,USDDKK=,6.841049668700503
349,2023-11-27 16:42:45,2023-11-01,Forward,CUST_EQ,Sell,DKK,34638.49,USD,5063.9,6.84028,6.84028,6.84028,2023-11-29,2,<1W,USD/DKK,USDDKK=,6.8402792314224214
350,2023-11-27 17:12:03,2023-11-01,Forward,CUST_EQ,Buy,USD,7557.0,DKK,51363.8,6.79685,6.79685,6.79685,2023-11-29,2,<1W,USD/DKK,USDDKK=,6.796850602090777
351,2023-11-27 17:40:26,2023-11-01,Forward,CUST_EQ,Buy,USD,616.0,DKK,4188.39,6.79933,6.79933,6.79933,2023-11-29,2,<1W,USD/DKK,USDDKK=,6.799334415584416
352,2023-11-20 13:24:50,2023-11-01,Forward,CUST_EQ,Sell,DKK,201858.34,EUR,26999.33,7.47642,7.47642,7.47642,2023-11-22,2,<1W,EUR/DKK,EURDKK=,7.476420340801049
353,2023-11-20 13:28:00,2023-11-01,Forward,CUST_EQ,Sell,DKK,200462.41,EUR,26812.8,7.47637,7.47637,7.47637,2023-11-22,2,<1W,EUR/DKK,EURDKK=,7.4763698681226884
354,2023-11-20 13:28:38,2023-11-01,Forward,CUST_EQ,Buy,SEK,24661.0,DKK,16021.07,0.64965189,0.64965189,0.64965189,2023-11-22,2,<1W,SEK/DKK,SEKDKK=,0.6496520822351081
355,2023-11-20 13:38:08,2023-11-01,Forward,CUST_EQ,Buy,EUR,5425.0,DKK,40340.63,7.43606,7.43606,7.43606,2023-11-22,2,<1W,EUR/DKK,EURDKK=,7.436060829493087
356,2023-11-20 13:39:20,2023-11-01,Forward,CUST_EQ,Buy,EUR,2545.6,DKK,18929.23,7.43606,7.43606,7.43606,2023-11-22,2,<1W,EUR/DKK,EURDKK=,7.436058296668762
357,2023-11-20 13:39:34,2023-11-01,Forward,CUST_EQ,Sell,DKK,49441.63,EUR,6613.0,7.47643,7.47643,7.47643,2023-11-22,2,<1W,EUR/DKK,EURDKK=,7.4764297595644935
358,2023-11-20 13:41:26,2023-11-01,Forward,CUST_EQ,Sell,DKK,51005.56,GBP,5970.8,8.5425,8.5425,8.5425,2023-11-22,2,<1W,GBP/DKK,GBPDKK=,8.542500167481744
359,2023-11-20 13:43:15,2023-11-01,Forward,CUST_EQ,Buy,EUR,9741.79,DKK,72440.65,7.43607,7.43607,7.43607,2023-11-22,2,<1W,EUR/DKK,EURDKK=,7.436071810211469
360,2023-11-20 13:46:58,2023-11-01,Forward,CUST_EQ,Sell,DKK,49882.0,SEK,76168.5,0.6548902,0.6548902,0.6548902,2023-11-22,2,<1W,SEK/DKK,SEKDKK=,0.6548901448761627
361,2023-11-20 13:48:21,2023-11-01,Forward,CUST_EQ,Sell,DKK,50280.02,EUR,6725.2,7.47636,7.47636,7.47636,2023-11-22,2,<1W,EUR/DKK,EURDKK=,7.476360554332956
362,2023-11-20 13:50:50,2023-11-01,Forward,CUST_EQ,Sell,DKK,49153.82,NOK,76885.38,0.63931293,0.63931293,0.63931293,2023-11-22,2,<1W,NOK/DKK,NOKDKK=,0.6393129617100156
363,2023-11-20 13:51:52,2023-11-01,Forward,CUST_EQ,Sell,DKK,50360.81,GBP,5895.4,8.54239,8.54239,8.54239,2023-11-22,2,<1W,GBP/DKK,GBPDKK=,8.542390677477355
364,2023-11-20 13:53:07,2023-11-01,Forward,CUST_EQ,Sell,DKK,150366.16,EUR,20112.0,7.47644,7.47644,7.47644,2023-11-22,2,<1W,EUR/DKK,EURDKK=,7.476439936356404
365,2023-11-20 13:54:00,2023-11-01,Forward,CUST_EQ,Sell,DKK,259680.14,SEK,398100.0,0.65229878,0.65229878,0.65229878,2023-11-22,2,<1W,SEK/DKK,SEKDKK=,0.6522987691534791
366,2023-11-20 13:54:42,2023-11-01,Forward,CUST_EQ,Sell,DKK,149931.32,NOK,234460.0,0.63947503,0.63947503,0.63947503,2023-11-22,2,<1W,NOK/DKK,NOKDKK=,0.6394750490488783
367,2023-11-20 13:55:04,2023-11-01,Forward,CUST_EQ,Sell,DKK,134180.71,EUR,17947.5,7.47629,7.47629,7.47629,2023-11-22,2,<1W,EUR/DKK,EURDKK=,7.476289733946231
368,2023-11-27 18:53:10,2023-11-01,Forward,CUST_EQ,Sell,DKK,10765.74,USD,1575.0,6.83539,6.83539,6.83539,2023-11-29,2,<1W,USD/DKK,USDDKK=,6.835390476190476
369,2023-11-27 18:54:01,2023-11-01,Forward,CUST_EQ,Sell,DKK,5285.27,USD,773.3,6.83471,6.83471,6.83471,2023-11-29,2,<1W,USD/DKK,USDDKK=,6.834695461011251
370,2023-11-27 18:54:24,2023-11-01,Forward,CUST_EQ,Sell,DKK,4985.63,USD,729.5,6.83431,6.83431,6.83431,2023-11-29,2,<1W,USD/DKK,USDDKK=,6.834311172035641
371,2023-11-27 19:59:27,2023-11-01,Forward,CUST_EQ,Sell,DKK,174990.71,USD,25635.16,6.8262,6.8262,6.8262,2023-11-29,2,<1W,USD/DKK,USDDKK=,6.826199251340737
372,2023-11-27 19:59:53,2023-11-01,Forward,CUST_EQ,Buy,USD,3543.3,DKK,24044.48,6.7859,6.7859,6.7859,2023-11-29,2,<1W,USD/DKK,USDDKK=,6.785900149578077
373,2023-11-27 20:01:30,2023-11-01,Forward,CUST_EQ,Sell,DKK,175934.78,USD,25774.55,6.82591,6.82591,6.82591,2023-11-29,2,<1W,USD/DKK,USDDKK=,6.825910830644958
374,2023-11-27 20:25:44,2023-11-01,Forward,CUST_EQ,Sell,DKK,32697.5,USD,4789.31,6.82718,6.82718,6.82718,2023-11-29,2,<1W,USD/DKK,USDDKK=,6.827183874086246
375,2023-11-27 20:29:10,2023-11-01,Forward,CUST_EQ,Sell,DKK,8078.56,USD,1183.3,6.82715,6.82715,6.82715,2023-11-29,2,<1W,USD/DKK,USDDKK=,6.827144426603567
376,2023-11-27 20:30:43,2023-11-01,Forward,CUST_EQ,Sell,DKK,43939.45,USD,6436.26,6.82686,6.82686,6.82686,2023-11-29,2,<1W,USD/DKK,USDDKK=,6.826860630241786
377,2023-11-27 20:58:22,2023-11-01,Forward,CUST_EQ,Sell,DKK,8054.69,USD,1180.1,6.82543,6.82543,6.82543,2023-11-29,2,<1W,USD/DKK,USDDKK=,6.8254300483009915
378,2023-11-27 21:07:00,2023-11-01,Forward,CUST_EQ,Buy,USD,10724.65,DKK,72773.51,6.78563,6.78563,6.78563,2023-11-29,2,<1W,USD/DKK,USDDKK=,6.78563030028952
379,2023-11-20 13:55:52,2023-11-01,Forward,CUST_EQ,Sell,DKK,149406.48,EUR,19984.2,7.47623,7.47623,7.47623,2023-11-22,2,<1W,EUR/DKK,EURDKK=,7.476230221875282
380,2023-11-20 13:56:12,2023-11-01,Forward,CUST_EQ,Buy,SEK,447480.0,DKK,291610.85,0.65167348,0.65167348,0.65167348,2023-11-22,2,<1W,SEK/DKK,SEKDKK=,0.651673482613748
381,2023-11-20 13:56:37,2023-11-01,Forward,CUST_EQ,Buy,SEK,308493.0,DKK,200283.22,0.64923099,0.64923099,0.64923099,2023-11-22,2,<1W,SEK/DKK,SEKDKK=,0.6492310036208278
382,2023-11-20 13:57:08,2023-11-01,Forward,CUST_EQ,Sell,DKK,149199.97,NOK,233340.0,0.63941018,0.63941018,0.63941018,2023-11-22,2,<1W,NOK/DKK,NOKDKK=,0.6394101739950288
383,2023-11-20 13:58:16,2023-11-01,Forward,CUST_EQ,Sell,DKK,149354.07,EUR,19978.5,7.47574,7.47574,7.47574,2023-11-22,2,<1W,EUR/DKK,EURDKK=,7.475739920414446
384,2023-11-20 14:02:12,2023-11-01,Forward,CUST_EQ,Sell,DKK,149652.64,SEK,228575.0,0.65472005,0.65472005,0.65472005,2023-11-22,2,<1W,SEK/DKK,SEKDKK=,0.6547200699989063
385,2023-11-20 14:02:30,2023-11-01,Forward,CUST_EQ,Sell,DKK,149492.29,NOK,233729.0,0.63959666,0.63959666,0.63959666,2023-11-22,2,<1W,NOK/DKK,NOKDKK=,0.6395966696473266
386,2023-11-20 14:04:33,2023-11-01,Forward,CUST_EQ,Sell,DKK,148451.45,EUR,19857.6,7.4758,7.4758,7.4758,2023-11-22,2,<1W,EUR/DKK,EURDKK=,7.475800197405529
387,2023-11-20 14:06:23,2023-11-01,Forward,CUST_EQ,Sell,DKK,152486.07,GBP,17852.0,8.54168,8.54168,8.54168,2023-11-22,2,<1W,GBP/DKK,GBPDKK=,8.54167992381806
388,2023-11-20 14:13:23,2023-11-01,Forward,CUST_EQ,Buy,USD,7336.35,DKK,49924.16,6.80504,6.80504,6.80504,2023-11-22,2,<1W,USD/DKK,USDDKK=,6.805040653731079
389,2023-11-20 14:30:04,2023-11-01,Forward,CUST_EQ,Sell,DKK,288174.28,USD,42153.36,6.83633,6.83633,6.83633,2023-11-22,2,<1W,USD/DKK,USDDKK=,6.836330010229315
390,2023-11-20 14:30:05,2023-11-01,Forward,CUST_EQ,Sell,DKK,345302.53,USD,50508.08,6.83658,6.83658,6.83658,2023-11-22,2,<1W,USD/DKK,USDDKK=,6.8365800085847654
391,2023-11-20 14:30:07,2023-11-01,Forward,CUST_EQ,Sell,DKK,525742.57,USD,76901.4,6.83658,6.83658,6.83658,2023-11-22,2,<1W,USD/DKK,USDDKK=,6.83657995823223
392,2023-11-20 14:30:07,2023-11-01,Forward,CUST_EQ,Sell,DKK,395929.59,USD,57913.4,6.83658,6.83658,6.83658,2023-11-22,2,<1W,USD/DKK,USDDKK=,6.836579962495727
393,2023-11-20 14:30:08,2023-11-01,Forward,CUST_EQ,Sell,DKK,73358.35,USD,10715.85,6.84578,6.84578,6.84578,2023-11-22,2,<1W,USD/DKK,USDDKK=,6.84577984947531
394,2023-11-20 14:30:10,2023-11-01,Forward,CUST_EQ,Sell,DKK,50472.57,USD,7372.8,6.84578,6.84578,6.84578,2023-11-22,2,<1W,USD/DKK,USDDKK=,6.845780436197916
395,2023-11-20 14:15:50,2023-11-01,Forward,CUST_EQ,Buy,EUR,8229.66,DKK,61191.8,7.43552,7.43552,7.43552,2023-11-22,2,<1W,EUR/DKK,EURDKK=,7.435519814913375
396,2023-11-20 14:23:16,2023-11-01,Forward,CUST_EQ,Buy,EUR,6280.0,DKK,46690.98,7.43487,7.43487,7.43487,2023-11-22,2,<1W,EUR/DKK,EURDKK=,7.434869426751593
397,2023-11-20 14:30:02,2023-11-01,Forward,CUST_EQ,Buy,USD,10959.0,DKK,74581.91,6.80554,6.80554,6.80554,2023-11-22,2,<1W,USD/DKK,USDDKK=,6.805539739027284
398,2023-11-20 14:30:04,2023-11-01,Forward,CUST_EQ,Sell,DKK,112937.29,USD,16519.56,6.83658,6.83658,6.83658,2023-11-22,2,<1W,USD/DKK,USDDKK=,6.836579787839384
399,2023-11-20 14:30:06,2023-11-01,Forward,CUST_EQ,Buy,USD,36977.5,DKK,252340.38,6.82416,6.82416,6.82416,2023-11-22,2,<1W,USD/DKK,USDDKK=,6.824160097356501
400,2023-11-20 14:30:09,2023-11-01,Forward,CUST_EQ,Sell,DKK,152387.06,USD,22260.0,6.84578,6.84578,6.84578,2023-11-22,2,<1W,USD/DKK,USDDKK=,6.845779874213837
401,2023-11-20 14:30:12,2023-11-01,Forward,CUST_EQ,Sell,DKK,954611.1,USD,139821.0,6.82738,6.82738,6.82738,2023-11-22,2,<1W,USD/DKK,USDDKK=,6.827380007295042
402,2023-11-20 14:30:12,2023-11-01,Forward,CUST_EQ,Sell,DKK,52388.7,USD,7652.7,6.84578,6.84578,6.84578,2023-11-22,2,<1W,USD/DKK,USDDKK=,6.845779920812262
403,2023-11-20 14:30:14,2023-11-01,Forward,CUST_EQ,Sell,DKK,398746.15,USD,58247.0,6.84578,6.84578,6.84578,2023-11-22,2,<1W,USD/DKK,USDDKK=,6.845780040173743
404,2023-11-20 14:30:15,2023-11-01,Forward,CUST_EQ,Buy,USD,15900.78,DKK,108216.89,6.80576,6.80576,6.80576,2023-11-22,2,<1W,USD/DKK,USDDKK=,6.805759843227817
405,2023-11-20 14:30:16,2023-11-01,Forward,CUST_EQ,Buy,USD,34785.0,DKK,236738.36,6.80576,6.80576,6.80576,2023-11-22,2,<1W,USD/DKK,USDDKK=,6.805759954003162
406,2023-11-20 14:30:17,2023-11-01,Forward,CUST_EQ,Sell,DKK,4965.93,USD,725.4,6.84578,6.84578,6.84578,2023-11-22,2,<1W,USD/DKK,USDDKK=,6.845781637717122
407,2023-11-20 14:31:03,2023-11-01,Forward,CUST_EQ,Buy,USD,42572.6,DKK,289710.37,6.80509,6.80509,6.80509,2023-11-22,2,<1W,USD/DKK,USDDKK=,6.805089893499575
408,2023-11-20 14:31:06,2023-11-01,Forward,CUST_EQ,Buy,USD,158515.0,DKK,1078621.66,6.80454,6.80454,6.80454,2023-11-22,2,<1W,USD/DKK,USDDKK=,6.804540011986247
409,2023-11-20 14:31:08,2023-11-01,Forward,CUST_EQ,Sell,DKK,20214.98,USD,2953.45,6.84453,6.84453,6.84453,2023-11-22,2,<1W,USD/DKK,USDDKK=,6.844530972252789
410,2023-11-27 09:58:41,2023-11-01,Forward,CUST_EQ,Buy,EUR,22511.58,DKK,167841.37,7.4557792,7.4557792,7.4557792,2023-11-29,2,<1W,EUR/DKK,EURDKK=,7.45577920341442
411,2023-11-20 14:30:11,2023-11-01,Forward,CUST_EQ,Sell,DKK,19498.15,USD,2848.2,6.84578,6.84578,6.84578,2023-11-22,2,<1W,USD/DKK,USDDKK=,6.845779790745033
412,2023-11-20 14:30:13,2023-11-01,Forward,CUST_EQ,Sell,DKK,10256.55,USD,1498.23,6.84578,6.84578,6.84578,2023-11-22,2,<1W,USD/DKK,USDDKK=,6.845778018061312
413,2023-11-20 14:30:16,2023-11-01,Forward,CUST_EQ,Sell,DKK,160968.1,USD,23545.12,6.83658,6.83658,6.83658,2023-11-22,2,<1W,USD/DKK,USDDKK=,6.836580149092466
414,2023-11-20 14:30:57,2023-11-01,Forward,CUST_EQ,Buy,USD,271.5,DKK,1847.58,6.80509,6.80509,6.80509,2023-11-22,2,<1W,USD/DKK,USDDKK=,6.8050828729281765
415,2023-11-20 14:31:04,2023-11-01,Forward,CUST_EQ,Buy,USD,31703.0,DKK,215724.33,6.80454,6.80454,6.80454,2023-11-22,2,<1W,USD/DKK,USDDKK=,6.804539948900734
416,2023-11-20 14:31:05,2023-11-01,Forward,CUST_EQ,Buy,USD,47554.5,DKK,323586.5,6.80454,6.80454,6.80454,2023-11-22,2,<1W,USD/DKK,USDDKK=,6.8045400540432555
417,2023-11-20 14:31:06,2023-11-01,Forward,CUST_EQ,Buy,USD,163044.0,DKK,1109439.42,6.80454,6.80454,6.80454,2023-11-22,2,<1W,USD/DKK,USDDKK=,6.804540001471995
418,2023-11-20 14:31:06,2023-11-01,Forward,CUST_EQ,Buy,USD,90580.0,DKK,616355.23,6.80454,6.80454,6.80454,2023-11-22,2,<1W,USD/DKK,USDDKK=,6.804539964672113
419,2023-11-20 14:32:10,2023-11-01,Forward,CUST_EQ,Sell,DKK,51546.37,USD,7532.0,6.84365,6.84365,6.84365,2023-11-22,2,<1W,USD/DKK,USDDKK=,6.84364976101965
420,2023-11-20 14:33:40,2023-11-01,Forward,CUST_EQ,Buy,USD,2716.61,DKK,18482.56,6.80354,6.80354,6.80354,2023-11-22,2,<1W,USD/DKK,USDDKK=,6.8035382333128425
421,2023-11-20 14:38:39,2023-11-01,Forward,CUST_EQ,Buy,USD,182810.0,DKK,1242797.22,6.7983,6.7983,6.7983,2023-11-22,2,<1W,USD/DKK,USDDKK=,6.798299983589519
422,2023-11-20 14:38:48,2023-11-01,Forward,CUST_EQ,Buy,USD,4875.0,DKK,33139.76,6.7979,6.7979,6.7979,2023-11-22,2,<1W,USD/DKK,USDDKK=,6.797899487179488
423,2023-11-20 14:39:39,2023-11-01,Forward,CUST_EQ,Buy,USD,27475.0,DKK,186780.82,6.79821,6.79821,6.79821,2023-11-22,2,<1W,USD/DKK,USDDKK=,6.798210009099181
424,2023-11-20 14:39:54,2023-11-01,Forward,CUST_EQ,Buy,USD,48764.97,DKK,331521.82,6.79836,6.79836,6.79836,2023-11-22,2,<1W,USD/DKK,USDDKK=,6.798359970281946
425,2023-11-20 14:42:12,2023-11-01,Forward,CUST_EQ,Sell,DKK,33019.08,USD,4829.2,6.83738,6.83738,6.83738,2023-11-22,2,<1W,USD/DKK,USDDKK=,6.837380932659654
426,2023-11-20 14:47:45,2023-11-01,Forward,CUST_EQ,Buy,USD,785.5,DKK,5337.35,6.79484,6.79484,6.79484,2023-11-22,2,<1W,USD/DKK,USDDKK=,6.794844048376831
427,2023-11-20 14:31:44,2023-11-01,Forward,CUST_EQ,Sell,DKK,78803.66,USD,11514.0,6.84416,6.84416,6.84416,2023-11-22,2,<1W,USD/DKK,USDDKK=,6.844160152857391
428,2023-11-20 14:32:17,2023-11-01,Forward,CUST_EQ,Sell,DKK,36847.92,USD,5384.25,6.84365,6.84365,6.84365,2023-11-22,2,<1W,USD/DKK,USDDKK=,6.843649533361192
429,2023-11-20 14:38:49,2023-11-01,Forward,CUST_EQ,Buy,EUR,3367.4,DKK,25036.85,7.43507,7.43507,7.43507,2023-11-22,2,<1W,EUR/DKK,EURDKK=,7.435068598919047
430,2023-11-20 14:39:11,2023-11-01,Forward,CUST_EQ,Buy,USD,9606.3,DKK,65301.13,6.79774,6.79774,6.79774,2023-11-22,2,<1W,USD/DKK,USDDKK=,6.797740024775408
431,2023-11-20 14:39:12,2023-11-01,Forward,CUST_EQ,Buy,USD,37722.3,DKK,256426.39,6.79774,6.79774,6.79774,2023-11-22,2,<1W,USD/DKK,USDDKK=,6.797740063569824
432,2023-11-20 14:50:32,2023-11-01,Forward,CUST_EQ,Buy,USD,8260.0,DKK,56094.49,6.7911,6.7911,6.7911,2023-11-22,2,<1W,USD/DKK,USDDKK=,6.791100484261501
433,2023-11-20 14:53:34,2023-11-01,Forward,CUST_EQ,Buy,SEK,16000.0,DKK,10372.35,0.64827216,0.64827216,0.64827216,2023-11-22,2,<1W,SEK/DKK,SEKDKK=,0.648271875
434,2023-11-20 14:55:29,2023-11-01,Forward,CUST_EQ,Sell,DKK,197370.32,USD,28874.22,6.83552,6.83552,6.83552,2023-11-22,2,<1W,USD/DKK,USDDKK=,6.835520405399696
435,2023-11-20 14:56:33,2023-11-01,Forward,CUST_EQ,Sell,DKK,45698.49,SEK,69930.0,0.65348912,0.65348912,0.65348912,2023-11-22,2,<1W,SEK/DKK,SEKDKK=,0.6534890604890604
436,2023-11-20 15:02:59,2023-11-01,Forward,CUST_EQ,Buy,USD,30016.01,DKK,204018.81,6.797,6.797,6.797,2023-11-22,2,<1W,USD/DKK,USDDKK=,6.796999667843927
437,2023-11-20 15:03:27,2023-11-01,Forward,CUST_EQ,Sell,DKK,79544.34,USD,11634.5,6.83694,6.83694,6.83694,2023-11-22,2,<1W,USD/DKK,USDDKK=,6.836936696892861
438,2023-11-20 15:24:16,2023-11-01,Forward,CUST_EQ,Sell,DKK,12402.98,USD,1812.43,6.84329,6.84329,6.84329,2023-11-22,2,<1W,USD/DKK,USDDKK=,6.843287740767919
439,2023-11-20 15:30:35,2023-11-01,Forward,CUST_EQ,Buy,EUR,2367.96,DKK,17607.96,7.43592,7.43592,7.43592,2023-11-22,2,<1W,EUR/DKK,EURDKK=,7.4359195256676625
440,2023-11-20 15:42:23,2023-11-01,Forward,CUST_EQ,Buy,EUR,104.91,DKK,780.09,7.43583,7.43583,7.43583,2023-11-22,2,<1W,EUR/DKK,EURDKK=,7.435802116099515
441,2023-11-20 15:43:04,2023-11-01,Forward,CUST_EQ,Sell,DKK,45397.92,USD,6636.9,6.84023,6.84023,6.84023,2023-11-22,2,<1W,USD/DKK,USDDKK=,6.840229625276861
442,2023-11-20 15:45:47,2023-11-01,Forward,CUST_EQ,Buy,USD,1172.4,DKK,7972.68,6.80031,6.80031,6.80031,2023-11-22,2,<1W,USD/DKK,USDDKK=,6.800307062436028
443,2023-11-20 14:47:47,2023-11-01,Forward,CUST_EQ,Buy,EUR,751.41,DKK,5586.79,7.43507,7.43507,7.43507,2023-11-22,2,<1W,EUR/DKK,EURDKK=,7.435075391597131
444,2023-11-20 14:49:10,2023-11-01,Forward,CUST_EQ,Sell,DKK,114449.08,USD,16748.85,6.83325,6.83325,6.83325,2023-11-22,2,<1W,USD/DKK,USDDKK=,6.833250044032875
445,2023-11-20 14:53:20,2023-11-01,Forward,CUST_EQ,Sell,DKK,45750.47,SEK,70005.0,0.65353149,0.65353149,0.65353149,2023-11-22,2,<1W,SEK/DKK,SEKDKK=,0.6535314620384258
446,2023-11-20 14:57:18,2023-11-01,Forward,CUST_EQ,Buy,USD,2958.0,DKK,20101.09,6.7955,6.7955,6.7955,2023-11-22,2,<1W,USD/DKK,USDDKK=,6.795500338066261
447,2023-11-20 15:05:37,2023-11-01,Forward,CUST_EQ,Sell,DKK,79739.27,USD,11664.0,6.83636,6.83636,6.83636,2023-11-22,2,<1W,USD/DKK,USDDKK=,6.8363571673525385
448,2023-11-20 15:27:46,2023-11-01,Forward,CUST_EQ,Sell,DKK,12854.34,USD,1878.49,6.8429,6.8429,6.8429,2023-11-22,2,<1W,USD/DKK,USDDKK=,6.842911061544113
449,2023-11-20 15:39:59,2023-11-01,Forward,CUST_EQ,Buy,EUR,5029.6,DKK,37398.9,7.43576,7.43576,7.43576,2023-11-22,2,<1W,EUR/DKK,EURDKK=,7.435760299029743
450,2023-11-20 15:44:05,2023-11-01,Forward,CUST_EQ,Buy,USD,2907.4,DKK,19769.84,6.79983,6.79983,6.79983,2023-11-22,2,<1W,USD/DKK,USDDKK=,6.799834904037972
451,2023-11-20 15:44:47,2023-11-01,Forward,CUST_EQ,Buy,EUR,5735.0,DKK,42644.54,7.43584,7.43584,7.43584,2023-11-22,2,<1W,EUR/DKK,EURDKK=,7.435839581517001
452,2023-11-20 15:50:18,2023-11-01,Forward,CUST_EQ,Buy,USD,4399.12,DKK,29903.31,6.79756,6.79756,6.79756,2023-11-22,2,<1W,USD/DKK,USDDKK=,6.797566331448108
453,2023-11-20 15:51:04,2023-11-01,Forward,CUST_EQ,Buy,USD,9329.25,DKK,63418.56,6.79782,6.79782,6.79782,2023-11-22,2,<1W,USD/DKK,USDDKK=,6.797819760430903
454,2023-11-20 15:55:34,2023-11-01,Forward,CUST_EQ,Buy,USD,6293.43,DKK,42791.94,6.79946,6.79946,6.79946,2023-11-22,2,<1W,USD/DKK,USDDKK=,6.799462296394812
455,2023-11-20 16:00:07,2023-11-01,Forward,CUST_EQ,Buy,USD,3414.87,DKK,23209.27,6.79653,6.79653,6.79653,2023-11-22,2,<1W,USD/DKK,USDDKK=,6.796531053890778
456,2023-11-20 16:01:57,2023-11-01,Forward,CUST_EQ,Buy,USD,6146.26,DKK,41765.97,6.79535,6.79535,6.79535,2023-11-22,2,<1W,USD/DKK,USDDKK=,6.7953470891241174
457,2023-11-20 16:04:58,2023-11-01,Forward,CUST_EQ,Buy,USD,4502.1,DKK,30581.62,6.79274,6.79274,6.79274,2023-11-22,2,<1W,USD/DKK,USDDKK=,6.7927456076053385
458,2023-11-20 16:09:12,2023-11-01,Forward,CUST_EQ,Buy,USD,9499.58,DKK,64550.98,6.79514,6.79514,6.79514,2023-11-22,2,<1W,USD/DKK,USDDKK=,6.795140416734214
459,2023-11-20 15:48:37,2023-11-01,Forward,CUST_EQ,Buy,EUR,7524.8,DKK,55953.74,7.43591,7.43591,7.43591,2023-11-22,2,<1W,EUR/DKK,EURDKK=,7.435910588985753
460,2023-11-20 15:48:53,2023-11-01,Forward,CUST_EQ,Sell,DKK,72853.54,EUR,9744.68,7.47624,7.47624,7.47624,2023-11-22,2,<1W,EUR/DKK,EURDKK=,7.476237290501072
461,2023-11-20 15:58:47,2023-11-01,Forward,CUST_EQ,Buy,USD,9168.96,DKK,62320.63,6.79691,6.79691,6.79691,2023-11-22,2,<1W,USD/DKK,USDDKK=,6.796913717586292
462,2023-11-20 15:59:16,2023-11-01,Forward,CUST_EQ,Buy,GBP,5531.5,DKK,46932.18,8.48453,8.48453,8.48453,2023-11-22,2,<1W,GBP/DKK,GBPDKK=,8.48453041670433
463,2023-11-20 16:01:00,2023-11-01,Forward,CUST_EQ,Buy,USD,6862.61,DKK,46637.56,6.79589,6.79589,6.79589,2023-11-22,2,<1W,USD/DKK,USDDKK=,6.795892524855703
464,2023-11-20 16:04:17,2023-11-01,Forward,CUST_EQ,Sell,DKK,81765.58,USD,11965.0,6.83373,6.83373,6.83373,2023-11-22,2,<1W,USD/DKK,USDDKK=,6.833730045967405
465,2023-11-20 16:08:20,2023-11-01,Forward,CUST_EQ,Sell,DKK,34737.9,EUR,4646.44,7.47624,7.47624,7.47624,2023-11-22,2,<1W,EUR/DKK,EURDKK=,7.476239873968028
466,2023-11-20 16:11:45,2023-11-01,Forward,CUST_EQ,Sell,DKK,9696.25,EUR,1296.94,7.47625,7.47625,7.47625,2023-11-22,2,<1W,EUR/DKK,EURDKK=,7.476251792681234
467,2023-11-20 16:12:42,2023-11-01,Forward,CUST_EQ,Buy,USD,6161.25,DKK,41869.9,6.79568,6.79568,6.79568,2023-11-22,2,<1W,USD/DKK,USDDKK=,6.7956826942584705
468,2023-11-20 16:13:44,2023-11-01,Forward,CUST_EQ,Buy,USD,2802.38,DKK,19043.27,6.7954,6.7954,6.7954,2023-11-22,2,<1W,USD/DKK,USDDKK=,6.795391774134843
469,2023-11-20 17:01:40,2023-11-01,Forward,CUST_EQ,Buy,USD,9215.0,DKK,62601.18,6.7934,6.7934,6.7934,2023-11-22,2,<1W,USD/DKK,USDDKK=,6.793399891481281
470,2023-11-20 17:05:43,2023-11-01,Forward,CUST_EQ,Buy,USD,8564.31,DKK,58159.46,6.79091,6.79091,6.79091,2023-11-22,2,<1W,USD/DKK,USDDKK=,6.790910184241346
471,2023-11-20 17:07:39,2023-11-01,Forward,CUST_EQ,Buy,USD,12267.21,DKK,83282.08,6.789,6.789,6.789,2023-11-22,2,<1W,USD/DKK,USDDKK=,6.788999291607465
472,2023-11-20 17:22:04,2023-11-01,Forward,CUST_EQ,Sell,DKK,22456.65,USD,3286.5,6.833,6.833,6.833,2023-11-22,2,<1W,USD/DKK,USDDKK=,6.8329986307622095
473,2023-11-20 17:47:37,2023-11-01,Forward,CUST_EQ,Sell,DKK,10305.97,USD,1507.36,6.8371,6.8371,6.8371,2023-11-22,2,<1W,USD/DKK,USDDKK=,6.837099299437427
474,2023-11-20 18:03:19,2023-11-01,Forward,CUST_EQ,Buy,USD,7653.0,DKK,51970.45,6.79086,6.79086,6.79086,2023-11-22,2,<1W,USD/DKK,USDDKK=,6.790859793545015
475,2023-11-20 16:18:18,2023-11-01,Forward,CUST_EQ,Sell,DKK,34008.49,USD,4975.8,6.83478,6.83478,6.83478,2023-11-22,2,<1W,USD/DKK,USDDKK=,6.834778327103178
476,2023-11-20 16:31:07,2023-11-01,Forward,CUST_EQ,Sell,DKK,12481.2,USD,1826.25,6.83433,6.83433,6.83433,2023-11-22,2,<1W,USD/DKK,USDDKK=,6.834332648870637
477,2023-11-20 16:52:23,2023-11-01,Forward,CUST_EQ,Buy,USD,8143.19,DKK,55320.08,6.79342,6.79342,6.79342,2023-11-22,2,<1W,USD/DKK,USDDKK=,6.793416339297008
478,2023-11-20 17:03:15,2023-11-01,Forward,CUST_EQ,Buy,USD,14607.08,DKK,99229.11,6.79322,6.79322,6.79322,2023-11-22,2,<1W,USD/DKK,USDDKK=,6.793220137084209
479,2023-11-20 17:09:26,2023-11-01,Forward,CUST_EQ,Buy,USD,7568.16,DKK,51381.45,6.78916,6.78916,6.78916,2023-11-22,2,<1W,USD/DKK,USDDKK=,6.789160112894019
480,2023-11-20 17:11:11,2023-11-01,Forward,CUST_EQ,Buy,USD,9348.42,DKK,63491.45,6.79168,6.79168,6.79168,2023-11-22,2,<1W,USD/DKK,USDDKK=,6.791677096236583
481,2023-11-20 17:22:51,2023-11-01,Forward,CUST_EQ,Buy,USD,15639.0,DKK,106229.63,6.79261,6.79261,6.79261,2023-11-22,2,<1W,USD/DKK,USDDKK=,6.792610141313384
482,2023-11-20 17:48:45,2023-11-01,Forward,CUST_EQ,Sell,DKK,20083.86,USD,2937.59,6.83684,6.83684,6.83684,2023-11-22,2,<1W,USD/DKK,USDDKK=,6.836849253980303
483,2023-11-20 18:02:25,2023-11-01,Forward,CUST_EQ,Buy,USD,9780.0,DKK,66440.63,6.79352,6.79352,6.79352,2023-11-22,2,<1W,USD/DKK,USDDKK=,6.793520449897751
484,2023-11-20 18:22:35,2023-11-01,Forward,CUST_EQ,Buy,USD,10650.67,DKK,72316.24,6.78983,6.78983,6.78983,2023-11-22,2,<1W,USD/DKK,USDDKK=,6.7898301233631315
485,2023-11-20 18:32:08,2023-11-01,Forward,CUST_EQ,Buy,USD,1260.54,DKK,8558.81,6.7898,6.7898,6.7898,2023-11-22,2,<1W,USD/DKK,USDDKK=,6.789796436447872
486,2023-11-20 18:34:14,2023-11-01,Forward,CUST_EQ,Buy,USD,10224.0,DKK,69414.21,6.78934,6.78934,6.78934,2023-11-22,2,<1W,USD/DKK,USDDKK=,6.789339788732395
487,2023-11-20 19:39:23,2023-11-01,Forward,CUST_EQ,Buy,USD,5128.75,DKK,34846.98,6.79444,6.79444,6.79444,2023-11-22,2,<1W,USD/DKK,USDDKK=,6.794439190835974
488,2023-11-20 19:59:39,2023-11-01,Forward,CUST_EQ,Buy,USD,16786.34,DKK,114006.75,6.79164,6.79164,6.79164,2023-11-22,2,<1W,USD/DKK,USDDKK=,6.791638320205596
489,2023-11-20 20:53:43,2023-11-01,Forward,CUST_EQ,Sell,DKK,12891.53,USD,1887.05,6.83158,6.83158,6.83158,2023-11-22,2,<1W,USD/DKK,USDDKK=,6.8315783895498265
490,2023-11-20 21:07:00,2023-11-01,Forward,CUST_EQ,Buy,SEK,185242.78,DKK,120336.23,0.64961361,0.64961361,0.64961361,2023-11-22,2,<1W,SEK/DKK,SEKDKK=,0.6496136043736765
491,2023-11-20 18:31:02,2023-11-01,Forward,CUST_EQ,Sell,DKK,97793.4,USD,14317.44,6.83037,6.83037,6.83037,2023-11-22,2,<1W,USD/DKK,USDDKK=,6.830369116266595
492,2023-11-20 18:38:46,2023-11-01,Forward,CUST_EQ,Sell,DKK,2400.69,USD,351.44,6.831,6.831,6.831,2023-11-22,2,<1W,USD/DKK,USDDKK=,6.831009560664694
493,2023-11-20 19:56:16,2023-11-01,Forward,CUST_EQ,Buy,USD,8391.42,DKK,56997.11,6.79231,6.79231,6.79231,2023-11-22,2,<1W,USD/DKK,USDDKK=,6.792308095650081
494,2023-11-20 19:57:22,2023-11-01,Forward,CUST_EQ,Buy,USD,1533.35,DKK,10414.47,6.79197,6.79197,6.79197,2023-11-22,2,<1W,USD/DKK,USDDKK=,6.791971826393191
495,2023-11-20 20:33:36,2023-11-01,Forward,CUST_EQ,Sell,DKK,30519.92,USD,4467.06,6.83222,6.83222,6.83222,2023-11-22,2,<1W,USD/DKK,USDDKK=,6.83221626752271
496,2023-11-20 20:57:25,2023-11-01,Forward,CUST_EQ,Sell,DKK,297730.81,USD,43571.6,6.83314,6.83314,6.83314,2023-11-22,2,<1W,USD/DKK,USDDKK=,6.833139246665259
497,2023-11-24 08:36:25,2023-11-01,Forward,CUST_EQ,Sell,DKK,122229.33,EUR,16350.0,7.4758,7.4758,7.4758,2023-11-28,4,<1W,EUR/DKK,EURDKK=,7.4758000000000004
498,2023-11-24 08:34:43,2023-11-01,Forward,CUST_EQ,Sell,DKK,163035.77,EUR,21808.5,7.47579,7.47579,7.47579,2023-11-28,4,<1W,EUR/DKK,EURDKK=,7.475790173556182
499,2023-11-24 08:37:00,2023-11-01,Forward,CUST_EQ,Sell,DKK,19818.8,SEK,30261.4,0.65491998,0.65491998,0.65491998,2023-11-28,4,<1W,SEK/DKK,SEKDKK=,0.654920129273596
500,2023-11-24 08:37:15,2023-11-01,Forward,CUST_EQ,Sell,DKK,98478.79,EUR,13173.01,7.4758,7.4758,7.4758,2023-11-28,4,<1W,EUR/DKK,EURDKK=,7.4758001398313665
501,2023-10-31 08:00:29,2023-10-01,Forward,CUST_EQ,Sell,DKK,6136.05,NOK,9700.0,0.63258242,0.63258242,0.63258242,2023-11-02,2,<1W,NOK/DKK,NOKDKK=,0.6325824742268041
502,2023-10-31 05:50:00,2023-10-01,Forward,CUST_EQ,Sell,DKK,1162.37,AUD,259.0,4.4879,4.4879,4.4879,2023-11-02,2,<1W,AUD/DKK,AUDDKK=,4.487915057915058
503,2023-10-31 05:50:00,2023-10-01,Forward,CUST_EQ,Sell,DKK,1345.49,AUD,299.81,4.4879,4.4879,4.4879,2023-11-02,2,<1W,AUD/DKK,AUDDKK=,4.487808945665588
504,2023-10-31 13:47:18,2023-10-01,Forward,CUST_EQ,Sell,DKK,100337.23,USD,14224.0,7.05408,7.05408,7.05408,2023-11-02,2,<1W,USD/DKK,USDDKK=,7.054079724409449
505,2023-10-31 14:09:24,2023-10-01,Forward,CUST_EQ,Buy,USD,14641.6,DKK,102806.58,7.02154,7.02154,7.02154,2023-11-02,2,<1W,USD/DKK,USDDKK=,7.021539995628893
506,2023-10-31 14:19:28,2023-10-01,Forward,CUST_EQ,Sell,DKK,770432.75,USD,109487.02,7.03675,7.03675,7.03675,2023-11-02,2,<1W,USD/DKK,USDDKK=,7.0367496530638975
507,2023-11-24 08:40:58,2023-11-01,Forward,CUST_EQ,Sell,DKK,111673.65,EUR,14938.0,7.47581,7.47581,7.47581,2023-11-28,4,<1W,EUR/DKK,EURDKK=,7.47581001472754
508,2023-11-24 08:44:04,2023-11-01,Forward,CUST_EQ,Buy,NOK,73040.0,DKK,46151.25,0.63186274,0.63186274,0.63186274,2023-11-28,4,<1W,NOK/DKK,NOKDKK=,0.6318626779846659
509,2023-11-24 08:41:25,2023-11-01,Forward,CUST_EQ,Sell,DKK,90560.58,NOK,142030.0,0.63761584,0.63761584,0.63761584,2023-11-28,4,<1W,NOK/DKK,NOKDKK=,0.6376158558051116
510,2023-11-02 08:17:46,2023-11-01,Forward,CUST_EQ,Buy,SEK,48672.0,DKK,30633.74,0.6293914,0.6293914,0.6293914,2023-11-06,4,<1W,SEK/DKK,SEKDKK=,0.6293914365548982
511,2023-11-02 08:03:04,2023-11-01,Forward,CUST_EQ,Buy,NOK,2129.4,DKK,1341.9,0.63017549,0.63017549,0.63017549,2023-11-06,4,<1W,NOK/DKK,NOKDKK=,0.6301775147928994
512,2023-11-02 08:03:25,2023-11-01,Forward,CUST_EQ,Sell,DKK,1660.23,NOK,2610.6,0.63595584,0.63595584,0.63595584,2023-11-06,4,<1W,NOK/DKK,NOKDKK=,0.6359572512066192
513,2023-11-02 08:34:16,2023-11-01,Forward,CUST_EQ,Buy,SEK,205201.46,DKK,129210.25,0.62967511,0.62967511,0.62967511,2023-11-06,4,<1W,SEK/DKK,SEKDKK=,0.6296751007522071
514,2023-11-02 08:35:33,2023-11-01,Forward,CUST_EQ,Buy,NOK,13095.15,DKK,8243.23,0.6294871,0.6294871,0.6294871,2023-11-06,4,<1W,NOK/DKK,NOKDKK=,0.6294872529142469
515,2023-11-02 08:17:51,2023-11-01,Forward,CUST_EQ,Buy,EUR,168528.0,DKK,1254394.35,7.44324,7.44324,7.44324,2023-11-06,4,<1W,EUR/DKK,EURDKK=,7.443239995727714
516,2023-11-02 08:19:51,2023-11-01,Forward,CUST_EQ,Buy,USD,39224.9,DKK,275601.99,7.0262,7.0262,7.0262,2023-11-06,4,<1W,USD/DKK,USDDKK=,7.026199939324255
517,2023-11-02 08:20:38,2023-11-01,Forward,CUST_EQ,Buy,USD,105662.37,DKK,742299.25,7.0252,7.0252,7.0252,2023-11-06,4,<1W,USD/DKK,USDDKK=,7.0251996997606625
518,2023-11-02 08:28:07,2023-11-01,Forward,CUST_EQ,Sell,DKK,24000.45,SEK,37792.0,0.63506707,0.63506707,0.63506707,2023-11-06,4,<1W,SEK/DKK,SEKDKK=,0.6350669453852668
519,2023-11-02 08:52:46,2023-11-01,Forward,CUST_EQ,Sell,DKK,9100.0,EUR,1216.0,7.48355,7.48355,7.48355,2023-11-06,4,<1W,EUR/DKK,EURDKK=,7.483552631578948
520,2023-11-02 08:54:24,2023-11-01,Forward,CUST_EQ,Sell,DKK,253422.24,SEK,399700.0,0.63403112,0.63403112,0.63403112,2023-11-06,4,<1W,SEK/DKK,SEKDKK=,0.6340311233425069
521,2023-10-31 09:44:00,2023-10-01,Forward,CUST_EQ,Sell,DKK,14910.2,SEK,23530.5,0.63365418,0.63365418,0.63365418,2023-11-02,2,<1W,SEK/DKK,SEKDKK=,0.6336541934935509
522,2023-10-31 09:55:31,2023-10-01,Forward,CUST_EQ,Buy,NOK,15300.0,DKK,9582.89,0.62633261,0.62633261,0.62633261,2023-11-02,2,<1W,NOK/DKK,NOKDKK=,0.6263326797385621
523,2023-10-31 09:46:05,2023-10-01,Forward,CUST_EQ,Buy,EUR,29065.5,DKK,216363.87,7.44401,7.44401,7.44401,2023-11-02,2,<1W,EUR/DKK,EURDKK=,7.44400990865459
524,2023-10-31 10:10:08,2023-10-01,Forward,CUST_EQ,Buy,EUR,58898.0,DKK,439043.95,7.45431,7.45431,7.45431,2023-11-02,2,<1W,EUR/DKK,EURDKK=,7.4543099935481685
525,2023-10-31 09:55:44,2023-10-01,Forward,CUST_EQ,Sell,DKK,29941.42,SEK,47260.0,0.63354668,0.63354668,0.63354668,2023-11-02,2,<1W,SEK/DKK,SEKDKK=,0.633546762589928
526,2023-10-31 09:57:28,2023-10-01,Forward,CUST_EQ,Buy,NOK,1851.6,DKK,1159.68,0.62631282,0.62631282,0.62631282,2023-11-02,2,<1W,NOK/DKK,NOKDKK=,0.6263123784834738
527,2023-11-01 14:48:47,2023-11-01,Forward,CUST_EQ,Sell,DKK,21714.75,USD,3064.59,7.08569,7.08569,7.08569,2023-11-03,2,<1W,USD/DKK,USDDKK=,7.085694986931367
528,2023-11-01 14:50:21,2023-11-01,Forward,CUST_EQ,Buy,NOK,3549556.7,DKK,2240036.78,0.63107508,0.63107508,0.63107508,2023-11-03,2,<1W,NOK/DKK,NOKDKK=,0.631075080445961
529,2023-11-01 14:53:03,2023-11-01,Forward,CUST_EQ,Buy,USD,3549.1,DKK,25023.67,7.05071,7.05071,7.05071,2023-11-03,2,<1W,USD/DKK,USDDKK=,7.050708630356992
530,2023-11-01 14:56:41,2023-11-01,Forward,CUST_EQ,Buy,USD,36525.62,DKK,257582.29,7.0521,7.0521,7.0521,2023-11-03,2,<1W,USD/DKK,USDDKK=,7.052099047189342
531,2023-11-01 09:15:57,2023-11-01,Forward,CUST_EQ,Buy,EUR,16050.36,DKK,119475.19,7.44377,7.44377,7.44377,2023-11-03,2,<1W,EUR/DKK,EURDKK=,7.443770108583234
532,2023-11-01 09:16:24,2023-11-01,Forward,CUST_EQ,Buy,EUR,34948.26,DKK,260146.81,7.44377,7.44377,7.44377,2023-11-03,2,<1W,EUR/DKK,EURDKK=,7.443770018879337
533,2023-11-01 09:16:49,2023-11-01,Forward,CUST_EQ,Buy,EUR,17301.72,DKK,128790.04,7.44377,7.44377,7.44377,2023-11-03,2,<1W,EUR/DKK,EURDKK=,7.4437709083258765
534,2023-11-01 09:17:11,2023-11-01,Forward,CUST_EQ,Buy,EUR,8390.24,DKK,62454.93,7.44376,7.44376,7.44376,2023-11-03,2,<1W,EUR/DKK,EURDKK=,7.443759654074258
535,2023-11-01 09:22:50,2023-11-01,Forward,CUST_EQ,Buy,EUR,26122.5,DKK,194450.67,7.4438,7.4438,7.4438,2023-11-03,2,<1W,EUR/DKK,EURDKK=,7.443800172265289
536,2023-11-01 15:03:11,2023-11-01,Forward,CUST_EQ,Buy,NOK,13143066.23,DKK,8291475.11,0.63086307,0.63086307,0.63086307,2023-11-03,2,<1W,NOK/DKK,NOKDKK=,0.6308630699185026
537,2023-11-01 15:14:39,2023-11-01,Forward,CUST_EQ,Sell,DKK,31060.38,EUR,4150.0,7.48443,7.48443,7.48443,2023-11-03,2,<1W,EUR/DKK,EURDKK=,7.484428915662651
538,2023-11-01 15:18:24,2023-11-01,Forward,CUST_EQ,Buy,EUR,3581.5,DKK,26661.33,7.44418,7.44418,7.44418,2023-11-03,2,<1W,EUR/DKK,EURDKK=,7.444179812927545
539,2023-11-01 15:29:10,2023-11-01,Forward,CUST_EQ,Sell,DKK,10228.42,USD,1440.6,7.10011,7.10011,7.10011,2023-11-03,2,<1W,USD/DKK,USDDKK=,7.100111064834097
540,2023-11-01 15:29:17,2023-11-01,Forward,CUST_EQ,Buy,EUR,33056.72,DKK,246080.17,7.44418,7.44418,7.44418,2023-11-03,2,<1W,EUR/DKK,EURDKK=,7.444179882335574
541,2023-11-01 11:38:47,2023-11-01,Forward,CUST_EQ,Sell,DKK,13193.31,EUR,1762.73,7.48457,7.48457,7.48457,2023-11-03,2,<1W,EUR/DKK,EURDKK=,7.484589245091421
542,2023-11-01 11:32:45,2023-11-01,Forward,CUST_EQ,Buy,EUR,30136.6,DKK,224344.99,7.44427,7.44427,7.44427,2023-11-03,2,<1W,EUR/DKK,EURDKK=,7.444270090189338
543,2023-11-01 09:22:58,2023-11-01,Forward,CUST_EQ,Buy,EUR,56702.93,DKK,422085.27,7.4438,7.4438,7.4438,2023-11-03,2,<1W,EUR/DKK,EURDKK=,7.443799994109652
544,2023-11-01 09:23:24,2023-11-01,Forward,CUST_EQ,Buy,EUR,4139.22,DKK,30811.49,7.44379,7.44379,7.44379,2023-11-03,2,<1W,EUR/DKK,EURDKK=,7.443791342330197
545,2023-11-01 09:23:46,2023-11-01,Forward,CUST_EQ,Buy,EUR,12738.15,DKK,94820.4,7.44381,7.44381,7.44381,2023-11-03,2,<1W,EUR/DKK,EURDKK=,7.443812484544459
546,2023-11-01 09:24:07,2023-11-01,Forward,CUST_EQ,Buy,EUR,3799.5,DKK,28282.48,7.44374,7.44374,7.44374,2023-11-03,2,<1W,EUR/DKK,EURDKK=,7.443737333859718
547,2023-11-07 08:18:34,2023-11-01,Forward,CUST_EQ,Buy,SEK,4121.0,DKK,2616.79,0.63498838,0.63498838,0.63498838,2023-11-09,2,<1W,SEK/DKK,SEKDKK=,0.6349890803203107
548,2023-11-07 08:24:04,2023-11-01,Forward,CUST_EQ,Sell,DKK,14799.01,EUR,1978.9,7.4784,7.4784,7.4784,2023-11-09,2,<1W,EUR/DKK,EURDKK=,7.478402142604477
549,2023-11-07 08:24:18,2023-11-01,Forward,CUST_EQ,Buy,EUR,11380.68,DKK,84650.64,7.4381,7.4381,7.4381,2023-11-09,2,<1W,EUR/DKK,EURDKK=,7.4381003595567226
550,2023-11-07 08:29:55,2023-11-01,Forward,CUST_EQ,Buy,EUR,162336.0,DKK,1207495.75,7.43825,7.43825,7.43825,2023-11-09,2,<1W,EUR/DKK,EURDKK=,7.438249987679874
551,2023-11-07 08:31:01,2023-11-01,Forward,CUST_EQ,Buy,EUR,315792.0,DKK,2348920.9,7.43819,7.43819,7.43819,2023-11-09,2,<1W,EUR/DKK,EURDKK=,7.4381900111465775
552,2023-11-07 08:32:18,2023-11-01,Forward,CUST_EQ,Sell,DKK,2502.31,EUR,334.6,7.4785,7.4785,7.4785,2023-11-09,2,<1W,EUR/DKK,EURDKK=,7.478511655708307
553,2023-11-07 08:40:16,2023-11-01,Forward,CUST_EQ,Sell,DKK,11473.78,NOK,18235.0,0.62921727,0.62921727,0.62921727,2023-11-09,2,<1W,NOK/DKK,NOKDKK=,0.6292174389909515
554,2023-11-07 08:44:14,2023-11-01,Forward,CUST_EQ,Sell,DKK,403768.83,EUR,53990.4,7.47853,7.47853,7.47853,2023-11-09,2,<1W,EUR/DKK,EURDKK=,7.478530072012802
555,2023-11-07 08:46:07,2023-11-01,Forward,CUST_EQ,Buy,SEK,174000.0,DKK,110571.51,0.63546843,0.63546843,0.63546843,2023-11-09,2,<1W,SEK/DKK,SEKDKK=,0.635468448275862
556,2023-11-07 08:52:12,2023-11-01,Forward,CUST_EQ,Sell,DKK,249222.84,EUR,33370.0,7.46847,7.46847,7.46847,2023-11-09,2,<1W,EUR/DKK,EURDKK=,7.4684698831285585
557,2023-11-07 08:52:44,2023-11-01,Forward,CUST_EQ,Sell,DKK,20322.7,NOK,32300.0,0.62918588,0.62918588,0.62918588,2023-11-09,2,<1W,NOK/DKK,NOKDKK=,0.6291857585139319
558,2023-11-07 08:56:32,2023-11-01,Forward,CUST_EQ,Sell,DKK,150.65,SEK,235.2,0.64051784,0.64051784,0.64051784,2023-11-09,2,<1W,SEK/DKK,SEKDKK=,0.6405187074829932
559,2023-11-01 13:30:03,2023-11-01,Forward,CUST_EQ,Buy,USD,42846.3,DKK,303059.16,7.07317,7.07317,7.07317,2023-11-03,2,<1W,USD/DKK,USDDKK=,7.073169911987732
560,2023-11-01 13:30:02,2023-11-01,Forward,CUST_EQ,Sell,DKK,69709.26,USD,9800.0,7.11319,7.11319,7.11319,2023-11-03,2,<1W,USD/DKK,USDDKK=,7.113189795918367
561,2023-11-01 13:30:03,2023-11-01,Forward,CUST_EQ,Sell,DKK,5025866.29,USD,706555.89,7.11319,7.11319,7.11319,2023-11-03,2,<1W,USD/DKK,USDDKK=,7.113189998317047
562,2023-11-01 11:40:45,2023-11-01,Forward,CUST_EQ,Sell,DKK,22235.88,EUR,2970.9,7.48456,7.48456,7.48456,2023-11-03,2,<1W,EUR/DKK,EURDKK=,7.484560234272442
563,2023-11-01 12:01:21,2023-11-01,Forward,CUST_EQ,Sell,DKK,2997467.71,EUR,401556.1,7.46463,7.46463,7.46463,2023-11-03,2,<1W,EUR/DKK,EURDKK=,7.464629998149698
564,2023-11-01 12:11:50,2023-11-01,Forward,CUST_EQ,Buy,NOK,12120.0,DKK,7618.16,0.62856096,0.62856096,0.62856096,2023-11-03,2,<1W,NOK/DKK,NOKDKK=,0.6285610561056105
565,2023-11-01 12:11:50,2023-11-01,Forward,CUST_EQ,Buy,NOK,12120.0,DKK,7618.16,0.62856096,0.62856096,0.62856096,2023-11-03,2,<1W,NOK/DKK,NOKDKK=,0.6285610561056105
566,2023-11-01 12:23:18,2023-11-01,Forward,CUST_EQ,Buy,NOK,1189.54,DKK,748.15,0.62894386,0.62894386,0.62894386,2023-11-03,2,<1W,NOK/DKK,NOKDKK=,0.6289405988869647
567,2023-11-01 12:30:07,2023-11-01,Forward,CUST_EQ,Buy,EUR,78250.0,DKK,582515.69,7.44429,7.44429,7.44429,2023-11-03,2,<1W,EUR/DKK,EURDKK=,7.444289968051118
568,2023-11-01 12:32:11,2023-11-01,Forward,CUST_EQ,Sell,DKK,580531.77,EUR,77563.5,7.4846,7.4846,7.4846,2023-11-03,2,<1W,EUR/DKK,EURDKK=,7.48459997292541
569,2023-11-01 12:37:54,2023-11-01,Forward,CUST_EQ,Sell,DKK,16456.68,EUR,2198.75,7.48456,7.48456,7.48456,2023-11-03,2,<1W,EUR/DKK,EURDKK=,7.484561682774304
570,2023-11-07 09:47:46,2023-11-01,Forward,CUST_EQ,Sell,DKK,18231.54,NOK,29040.0,0.62780782,0.62780782,0.62780782,2023-11-09,2,<1W,NOK/DKK,NOKDKK=,0.6278078512396694
571,2023-11-07 09:47:58,2023-11-01,Forward,CUST_EQ,Sell,DKK,24940.43,EUR,3335.0,7.47839,7.47839,7.47839,2023-11-09,2,<1W,EUR/DKK,EURDKK=,7.478389805097452
572,2023-11-07 10:08:47,2023-11-01,Forward,CUST_EQ,Sell,DKK,19980.33,USD,2854.48,6.99964,6.99964,6.99964,2023-11-09,2,<1W,USD/DKK,USDDKK=,6.99963916370057
573,2023-11-07 10:16:13,2023-11-01,Forward,CUST_EQ,Sell,DKK,29841.35,EUR,3990.35,7.47838,7.47838,7.47838,2023-11-09,2,<1W,EUR/DKK,EURDKK=,7.478379089553548
574,2023-11-07 10:31:27,2023-11-01,Forward,CUST_EQ,Buy,NOK,329.0,DKK,204.92,0.62284911,0.62284911,0.62284911,2023-11-09,2,<1W,NOK/DKK,NOKDKK=,0.6228571428571428
575,2023-11-07 10:48:57,2023-11-01,Forward,CUST_EQ,Sell,DKK,2851.84,USD,407.49,6.99854,6.99854,6.99854,2023-11-09,2,<1W,USD/DKK,USDDKK=,6.998552111708263
576,2023-11-07 10:49:09,2023-11-01,Forward,CUST_EQ,Sell,DKK,309239.48,EUR,41409.55,7.46783,7.46783,7.46783,2023-11-09,2,<1W,EUR/DKK,EURDKK=,7.467830005397305
577,2023-11-07 10:51:48,2023-11-01,Forward,CUST_EQ,Sell,DKK,1495382.14,EUR,200244.0,7.4678,7.4678,7.4678,2023-11-09,2,<1W,EUR/DKK,EURDKK=,7.4677999840194955
578,2023-11-07 11:10:54,2023-11-01,Forward,CUST_EQ,Sell,DKK,196861.71,EUR,26326.4,7.47773,7.47773,7.47773,2023-11-09,2,<1W,EUR/DKK,EURDKK=,7.477729959280418
579,2023-11-07 11:11:28,2023-11-01,Forward,CUST_EQ,Buy,NOK,104051.85,DKK,64804.53,0.62280996,0.62280996,0.62280996,2023-11-09,2,<1W,NOK/DKK,NOKDKK=,0.6228099740658143
580,2023-11-07 11:41:07,2023-11-01,Forward,CUST_EQ,Sell,DKK,3832.46,EUR,512.53,7.4775,7.4775,7.4775,2023-11-09,2,<1W,EUR/DKK,EURDKK=,7.477533022457222
581,2023-11-01 09:27:53,2023-11-01,Forward,CUST_EQ,Sell,DKK,73617.05,EUR,9836.88,7.48378,7.48378,7.48378,2023-11-03,2,<1W,EUR/DKK,EURDKK=,7.483780426314035
582,2023-11-01 09:36:57,2023-11-01,Forward,CUST_EQ,Buy,SEK,362355.0,DKK,228223.88,0.62983506,0.62983506,0.62983506,2023-11-03,2,<1W,SEK/DKK,SEKDKK=,0.6298350512618841
583,2023-11-01 09:28:25,2023-11-01,Forward,CUST_EQ,Buy,EUR,25400.35,DKK,189068.52,7.44354,7.44354,7.44354,2023-11-03,2,<1W,EUR/DKK,EURDKK=,7.443539951221145
584,2023-11-01 09:39:12,2023-11-01,Forward,CUST_EQ,Buy,EUR,1900.0,DKK,14142.82,7.44359,7.44359,7.44359,2023-11-03,2,<1W,EUR/DKK,EURDKK=,7.44358947368421
585,2023-11-01 09:51:39,2023-11-01,Forward,CUST_EQ,Buy,NOK,656000.0,DKK,412883.07,0.62939492,0.62939492,0.62939492,2023-11-03,2,<1W,NOK/DKK,NOKDKK=,0.6293949237804878
586,2023-11-01 09:59:33,2023-11-01,Forward,CUST_EQ,Buy,NOK,296800.0,DKK,186428.02,0.62812676,0.62812676,0.62812676,2023-11-03,2,<1W,NOK/DKK,NOKDKK=,0.6281267520215633
587,2023-11-01 10:01:08,2023-11-01,Forward,CUST_EQ,Buy,NOK,508200.0,DKK,319254.49,0.62820639,0.62820639,0.62820639,2023-11-03,2,<1W,NOK/DKK,NOKDKK=,0.6282063951200315
588,2023-11-01 12:41:02,2023-11-01,Forward,CUST_EQ,Sell,DKK,30297.5,EUR,4048.0,7.48456,7.48456,7.48456,2023-11-03,2,<1W,EUR/DKK,EURDKK=,7.484560276679842
589,2023-11-01 12:43:07,2023-11-01,Forward,CUST_EQ,Buy,EUR,22800.0,DKK,169729.13,7.44426,7.44426,7.44426,2023-11-03,2,<1W,EUR/DKK,EURDKK=,7.444260087719298
590,2023-11-01 12:50:24,2023-11-01,Forward,CUST_EQ,Buy,GBP,1194.24,DKK,10217.32,8.5555,8.5555,8.5555,2023-11-03,2,<1W,GBP/DKK,GBPDKK=,8.55549973204716
591,2023-11-01 13:14:55,2023-11-01,Forward,CUST_EQ,Buy,EUR,1702.5,DKK,12673.9,7.44429,7.44429,7.44429,2023-11-03,2,<1W,EUR/DKK,EURDKK=,7.444287812041116
592,2023-11-01 13:25:26,2023-11-01,Forward,CUST_EQ,Buy,EUR,52593.3,DKK,391540.29,7.44468,7.44468,7.44468,2023-11-03,2,<1W,EUR/DKK,EURDKK=,7.444680025782751
593,2023-11-01 13:27:34,2023-11-01,Forward,CUST_EQ,Buy,EUR,19485.0,DKK,145060.76,7.44474,7.44474,7.44474,2023-11-03,2,<1W,EUR/DKK,EURDKK=,7.444740056453683
594,2023-11-01 13:30:00,2023-11-01,Forward,CUST_EQ,Buy,USD,180.88,DKK,1279.39,7.07317,7.07317,7.07317,2023-11-03,2,<1W,USD/DKK,USDDKK=,7.073142414860682
595,2023-11-01 13:30:00,2023-11-01,Forward,CUST_EQ,Sell,DKK,79821.73,USD,11221.65,7.11319,7.11319,7.11319,2023-11-03,2,<1W,USD/DKK,USDDKK=,7.113190128011477
596,2023-11-01 13:30:04,2023-11-01,Forward,CUST_EQ,Sell,DKK,200378.56,USD,28170.0,7.11319,7.11319,7.11319,2023-11-03,2,<1W,USD/DKK,USDDKK=,7.113189918352858
597,2023-11-07 05:50:01,2023-11-01,Forward,CUST_EQ,Buy,JPY,127400.0,DKK,5873.31,0.04610135038,0.04610135038,0.04610135038,2023-11-09,2,<1W,JPY/DKK,JPYDKK=,0.04610133437990581
598,2023-11-07 08:00:01,2023-11-01,Forward,CUST_EQ,Sell,DKK,925.15,SEK,1446.0,0.63979837,0.63979837,0.63979837,2023-11-09,2,<1W,SEK/DKK,SEKDKK=,0.6397994467496542
599,2023-11-07 08:00:04,2023-11-01,Forward,CUST_EQ,Sell,DKK,1806.81,EUR,241.6,7.47853,7.47853,7.47853,2023-11-09,2,<1W,EUR/DKK,EURDKK=,7.478518211920529
600,2023-11-07 08:00:05,2023-11-01,Forward,CUST_EQ,Sell,DKK,17594.46,SEK,27500.0,0.63979837,0.63979837,0.63979837,2023-11-09,2,<1W,SEK/DKK,SEKDKK=,0.6397985454545454
601,2023-11-07 08:00:25,2023-11-01,Forward,CUST_EQ,Buy,EUR,595.0,DKK,4425.76,7.43825,7.43825,7.43825,2023-11-09,2,<1W,EUR/DKK,EURDKK=,7.438252100840336
602,2023-11-07 08:00:29,2023-11-01,Forward,CUST_EQ,Sell,DKK,14900.46,NOK,23652.0,0.62998732,0.62998732,0.62998732,2023-11-09,2,<1W,NOK/DKK,NOKDKK=,0.6299873160832065
603,2023-11-07 08:00:29,2023-11-01,Forward,CUST_EQ,Buy,USD,9000.0,DKK,62572.77,6.95253,6.95253,6.95253,2023-11-09,2,<1W,USD/DKK,USDDKK=,6.952529999999999
604,2023-11-01 13:30:05,2023-11-01,Forward,CUST_EQ,Sell,DKK,160302.85,USD,22536.0,7.11319,7.11319,7.11319,2023-11-03,2,<1W,USD/DKK,USDDKK=,7.113190007099751
605,2023-11-01 13:30:06,2023-11-01,Forward,CUST_EQ,Buy,USD,37867.3,DKK,267841.85,7.07317,7.07317,7.07317,2023-11-03,2,<1W,USD/DKK,USDDKK=,7.0731699909948675
606,2023-11-01 13:30:07,2023-11-01,Forward,CUST_EQ,Buy,USD,37560.0,DKK,265668.27,7.07317,7.07317,7.07317,2023-11-03,2,<1W,USD/DKK,USDDKK=,7.073170127795527
607,2023-11-01 13:30:08,2023-11-01,Forward,CUST_EQ,Sell,DKK,51463.36,USD,7234.92,7.11319,7.11319,7.11319,2023-11-03,2,<1W,USD/DKK,USDDKK=,7.1131899177876186
608,2023-11-01 13:30:09,2023-11-01,Forward,CUST_EQ,Buy,USD,3929.52,DKK,27794.16,7.07317,7.07317,7.07317,2023-11-03,2,<1W,USD/DKK,USDDKK=,7.0731692420448296
609,2023-11-01 13:30:10,2023-11-01,Forward,CUST_EQ,Buy,USD,15558.0,DKK,110044.38,7.07317,7.07317,7.07317,2023-11-03,2,<1W,USD/DKK,USDDKK=,7.0731700732742
610,2023-11-01 13:30:11,2023-11-01,Forward,CUST_EQ,Buy,USD,29450.0,DKK,208306.62,7.07323,7.07323,7.07323,2023-11-03,2,<1W,USD/DKK,USDDKK=,7.073229881154499
611,2023-11-01 13:30:12,2023-11-01,Forward,CUST_EQ,Sell,DKK,151043.39,USD,21234.0,7.11328,7.11328,7.11328,2023-11-03,2,<1W,USD/DKK,USDDKK=,7.113280116793822
612,2023-11-01 13:30:13,2023-11-01,Forward,CUST_EQ,Sell,DKK,75150.38,USD,10564.8,7.11328,7.11328,7.11328,2023-11-03,2,<1W,USD/DKK,USDDKK=,7.1132799485082545
613,2023-11-01 13:30:14,2023-11-01,Forward,CUST_EQ,Buy,USD,24116.4,DKK,170580.84,7.07323,7.07323,7.07323,2023-11-03,2,<1W,USD/DKK,USDDKK=,7.0732298352988
614,2023-11-01 13:30:14,2023-11-01,Forward,CUST_EQ,Sell,DKK,29987.31,USD,4215.68,7.11328,7.11328,7.11328,2023-11-03,2,<1W,USD/DKK,USDDKK=,7.113279470927584
615,2023-11-01 13:30:15,2023-11-01,Forward,CUST_EQ,Sell,DKK,79735.89,USD,11209.44,7.11328,7.11328,7.11328,2023-11-03,2,<1W,USD/DKK,USDDKK=,7.113280413651351
616,2023-11-01 10:02:19,2023-11-01,Forward,CUST_EQ,Sell,DKK,9882.17,USD,1392.64,7.096,7.096,7.096,2023-11-03,2,<1W,USD/DKK,USDDKK=,7.095997529871323
617,2023-11-01 10:08:38,2023-11-01,Forward,CUST_EQ,Sell,DKK,102085.44,EUR,13640.0,7.48427,7.48427,7.48427,2023-11-03,2,<1W,EUR/DKK,EURDKK=,7.484269794721408
618,2023-11-01 10:05:23,2023-11-01,Forward,CUST_EQ,Buy,NOK,562650.0,DKK,353444.64,0.62817852,0.62817852,0.62817852,2023-11-03,2,<1W,NOK/DKK,NOKDKK=,0.6281785123966942
619,2023-11-01 10:13:06,2023-11-01,Forward,CUST_EQ,Sell,DKK,7932.94,SEK,12500.0,0.63463535,0.63463535,0.63463535,2023-11-03,2,<1W,SEK/DKK,SEKDKK=,0.6346352
620,2023-11-01 13:30:39,2023-11-01,Forward,CUST_EQ,Buy,USD,4075.5,DKK,28825.73,7.07293,7.07293,7.07293,2023-11-03,2,<1W,USD/DKK,USDDKK=,7.072930928720402
621,2023-11-01 13:32:40,2023-11-01,Forward,CUST_EQ,Buy,USD,14543.36,DKK,102863.29,7.07287,7.07287,7.07287,2023-11-03,2,<1W,USD/DKK,USDDKK=,7.0728696807340246
622,2023-11-01 13:37:59,2023-11-01,Forward,CUST_EQ,Sell,DKK,261376.29,USD,36750.0,7.11228,7.11228,7.11228,2023-11-03,2,<1W,USD/DKK,USDDKK=,7.11228
623,2023-11-01 13:39:33,2023-11-01,Forward,CUST_EQ,Buy,USD,367.22,DKK,2597.42,7.0732,7.0732,7.0732,2023-11-03,2,<1W,USD/DKK,USDDKK=,7.073198627525733
624,2023-11-01 13:40:24,2023-11-01,Forward,CUST_EQ,Buy,CAD,7775.0,DKK,39573.74,5.08987,5.08987,5.08987,2023-11-03,2,<1W,CAD/DKK,CADDKK=,5.089870096463022
625,2023-11-01 13:42:20,2023-11-01,Forward,CUST_EQ,Buy,NOK,18487.1,DKK,11617.17,0.62839358,0.62839358,0.62839358,2023-11-03,2,<1W,NOK/DKK,NOKDKK=,0.6283933120932975
626,2023-11-01 13:43:08,2023-11-01,Forward,CUST_EQ,Sell,DKK,255602.73,USD,35945.1,7.11092,7.11092,7.11092,2023-11-03,2,<1W,USD/DKK,USDDKK=,7.11091998631246
627,2023-11-01 13:47:54,2023-11-01,Forward,CUST_EQ,Buy,USD,13032.29,DKK,92135.28,7.06977,7.06977,7.06977,2023-11-03,2,<1W,USD/DKK,USDDKK=,7.069769012199697
628,2023-11-21 05:50:00,2023-11-01,Forward,CUST_EQ,Sell,DKK,5969.68,JPY,128850.0,0.04633048946,0.04633048946,0.04633048946,2023-11-24,3,<1W,JPY/DKK,JPYDKK=,0.046330461777260384
