,RIC,TRADETIME,RIC2,TRADEID,TRADE_MONTH,MATURITY_DATE,INSTRUMENT,BOUGHTCCY,BOUGHTAMT,SOLDCCY,SOLDAMT,PORS,CCYPAIR,COUNTERPARTY,MATURITY_GROUP,PRICE,SIDE,INTERBANKSPOT,FWDPOINTS,BID,ASK,USDAMT,DECAY_TIME,DECAY
0,CHFDKK=R,2023-12-22T09:20:02,DKK=,0006851851,2023-12-01,2023-12-27,Forward,DKK,1534859.36,CHF,194000.0,S,CHF/DKK,ROSSING_APS,<1W,7.911646185567011,Sell,7.91193,-4.037999999999542,7.9144,7.9144,226590.98572419802,-2,1.0000379070266991
1,CHFDKK=R,2023-12-22T09:20:03,DKK=,0006851851,2023-12-01,2023-12-27,Forward,DKK,1534859.36,CHF,194000.0,S,CHF/DKK,ROSSING_APS,<1W,7.911646185567011,Sell,7.91193,-4.037999999999542,7.9144,7.9144,226590.98572419802,1,1.0000379070266991
2,CHFDKK=R,2023-12-22T09:20:04,DKK=,0006851851,2023-12-01,2023-12-27,Forward,DKK,1534859.36,CHF,194000.0,S,CHF/DKK,ROSSING_APS,<1W,7.911646185567011,Sell,7.91193,-4.037999999999542,7.9141,7.9141,226590.98572419802,0,1.0
3,CHFDKK=R,2023-12-22T09:20:05,DKK=,0006851851,2023-12-01,2023-12-27,Forward,DKK,1534859.36,CHF,194000.0,S,CHF/DKK,ROSSING_APS,<1W,7.911646185567011,Sell,7.91193,-4.037999999999542,7.9145,7.9145,226590.98572419802,2,1.0000505427022657
4,CHFDKK=R,2023-12-22T09:20:10,DKK=,0006851851,2023-12-01,2023-12-27,Forward,DKK,1534859.36,CHF,194000.0,S,CHF/DKK,ROSSING_APS,<1W,7.911646185567011,Sell,7.91193,-4.037999999999542,7.9144,7.9144,226590.98572419802,5,1.0000379070266991
5,CHFDKK=R,2023-12-22T09:20:20,DKK=,0006851851,2023-12-01,2023-12-27,Forward,DKK,1534859.36,CHF,194000.0,S,CHF/DKK,ROSSING_APS,<1W,7.911646185567011,Sell,7.91193,-4.037999999999542,7.9159,7.9159,226590.98572419802,10,1.000227442160195
6,CHFDKK=R,2023-12-22T09:20:40,DKK=,0006851851,2023-12-01,2023-12-27,Forward,DKK,1534859.36,CHF,194000.0,S,CHF/DKK,ROSSING_APS,<1W,7.911646185567011,Sell,7.91193,-4.037999999999542,7.9144,7.9144,226590.98572419802,20,1.0000379070266991
7,CHFDKK=R,2023-12-22T09:21:10,DKK=,0006851851,2023-12-01,2023-12-27,Forward,DKK,1534859.36,CHF,194000.0,S,CHF/DKK,ROSSING_APS,<1W,7.911646185567011,Sell,7.91193,-4.037999999999542,7.9141,7.9141,226590.98572419802,30,1.0
8,CHFDKK=R,2023-12-22T09:22:10,DKK=,0006851851,2023-12-01,2023-12-27,Forward,DKK,1534859.36,CHF,194000.0,S,CHF/DKK,ROSSING_APS,<1W,7.911646185567011,Sell,7.91193,-4.037999999999542,7.9132,7.9132,226590.98572419802,60,0.9998862789199023
9,CHFDKK=R,2023-12-22T15:18:52,DKK=,0006852190,2023-12-01,2024-02-29,Forward,CHF,500000.0,DKK,3975242.5,P,CHF/DKK,CARSTEN_OVLI,3M,7.950485,Buy,7.93,260.3500000000025,7.9126,7.9126,588419.2101601587,-2,1.0
10,CHFDKK=R,2023-12-22T15:18:53,DKK=,0006852190,2023-12-01,2024-02-29,Forward,CHF,500000.0,DKK,3975242.5,P,CHF/DKK,CARSTEN_OVLI,3M,7.950485,Buy,7.93,260.3500000000025,7.9125,7.9125,588419.2101601587,1,0.9999873619290751
11,CHFDKK=R,2023-12-22T15:18:54,DKK=,0006852190,2023-12-01,2024-02-29,Forward,CHF,500000.0,DKK,3975242.5,P,CHF/DKK,CARSTEN_OVLI,3M,7.950485,Buy,7.93,260.3500000000025,7.9126,7.9126,588419.2101601587,0,1.0
12,CHFDKK=R,2023-12-22T15:18:55,DKK=,0006852190,2023-12-01,2024-02-29,Forward,CHF,500000.0,DKK,3975242.5,P,CHF/DKK,CARSTEN_OVLI,3M,7.950485,Buy,7.93,260.3500000000025,7.9125,7.9125,588419.2101601587,2,0.9999873619290751
13,CHFDKK=R,2023-12-22T15:19:00,DKK=,0006852190,2023-12-01,2024-02-29,Forward,CHF,500000.0,DKK,3975242.5,P,CHF/DKK,CARSTEN_OVLI,3M,7.950485,Buy,7.93,260.3500000000025,7.9145,7.9145,588419.2101601587,5,1.0002401233475722
14,CHFDKK=R,2023-12-22T15:19:10,DKK=,0006852190,2023-12-01,2024-02-29,Forward,CHF,500000.0,DKK,3975242.5,P,CHF/DKK,CARSTEN_OVLI,3M,7.950485,Buy,7.93,260.3500000000025,7.9128,7.9128,588419.2101601587,10,1.0000252761418496
15,CHFDKK=R,2023-12-22T15:19:30,DKK=,0006852190,2023-12-01,2024-02-29,Forward,CHF,500000.0,DKK,3975242.5,P,CHF/DKK,CARSTEN_OVLI,3M,7.950485,Buy,7.93,260.3500000000025,7.9145,7.9145,588419.2101601587,20,1.0002401233475722
16,CHFDKK=R,2023-12-22T15:20:00,DKK=,0006852190,2023-12-01,2024-02-29,Forward,CHF,500000.0,DKK,3975242.5,P,CHF/DKK,CARSTEN_OVLI,3M,7.950485,Buy,7.93,260.3500000000025,7.9147,7.9147,588419.2101601587,30,1.000265399489422
17,CHFDKK=R,2023-12-22T15:21:00,DKK=,0006852190,2023-12-01,2024-02-29,Forward,CHF,500000.0,DKK,3975242.5,P,CHF/DKK,CARSTEN_OVLI,3M,7.950485,Buy,7.93,260.3500000000025,7.9142,7.9142,588419.2101601587,60,1.0002022091347977
18,DKK=,2023-12-22T08:10:12,DKK=,0006851801,2023-12-01,2023-12-22,Forward,DKK,40750.65,USD,6000.0,S,USD/DKK,LCD_DENMARK,0D,6.791775,Sell,6.78039,21.846999999999284,6.7731,6.7731,6000.0,-2,1.0
19,DKK=,2023-12-22T08:10:13,DKK=,0006851801,2023-12-01,2023-12-22,Forward,DKK,40750.65,USD,6000.0,S,USD/DKK,LCD_DENMARK,0D,6.791775,Sell,6.78039,21.846999999999284,6.7731,6.7731,6000.0,1,1.0
20,DKK=,2023-12-22T08:10:14,DKK=,0006851801,2023-12-01,2023-12-22,Forward,DKK,40750.65,USD,6000.0,S,USD/DKK,LCD_DENMARK,0D,6.791775,Sell,6.78039,21.846999999999284,6.7731,6.7731,6000.0,0,1.0
21,DKK=,2023-12-22T08:10:15,DKK=,0006851801,2023-12-01,2023-12-22,Forward,DKK,40750.65,USD,6000.0,S,USD/DKK,LCD_DENMARK,0D,6.791775,Sell,6.78039,21.846999999999284,6.7732,6.7732,6000.0,2,1.0000147642881398
22,DKK=,2023-12-22T08:10:20,DKK=,0006851801,2023-12-01,2023-12-22,Forward,DKK,40750.65,USD,6000.0,S,USD/DKK,LCD_DENMARK,0D,6.791775,Sell,6.78039,21.846999999999284,6.773,6.773,6000.0,5,0.99998523571186
23,DKK=,2023-12-22T08:10:30,DKK=,0006851801,2023-12-01,2023-12-22,Forward,DKK,40750.65,USD,6000.0,S,USD/DKK,LCD_DENMARK,0D,6.791775,Sell,6.78039,21.846999999999284,6.7725,6.7725,6000.0,10,0.9999114142711608
24,DKK=,2023-12-22T08:10:50,DKK=,0006851801,2023-12-01,2023-12-22,Forward,DKK,40750.65,USD,6000.0,S,USD/DKK,LCD_DENMARK,0D,6.791775,Sell,6.78039,21.846999999999284,6.772,6.772,6000.0,20,0.9998375928304617
25,DKK=,2023-12-22T08:11:20,DKK=,0006851801,2023-12-01,2023-12-22,Forward,DKK,40750.65,USD,6000.0,S,USD/DKK,LCD_DENMARK,0D,6.791775,Sell,6.78039,21.846999999999284,6.7727,6.7727,6000.0,30,0.9999409428474406
26,DKK=,2023-12-22T08:12:20,DKK=,0006851801,2023-12-01,2023-12-22,Forward,DKK,40750.65,USD,6000.0,S,USD/DKK,LCD_DENMARK,0D,6.791775,Sell,6.78039,21.846999999999284,6.7725,6.7725,6000.0,60,0.9999114142711608
27,DKK=,2023-12-22T08:19:29,DKK=,0006851805,2023-12-01,2023-12-22,Forward,USD,44402.85,DKK,300000.0,S,USD/DKK,ALBA_TANKERS,0D,6.756323073856746,Buy,6.778282383244086,18.61288000307937,6.7719,6.7719,44402.85,-2,0.9999557012492247
28,DKK=,2023-12-22T08:19:30,DKK=,0006851805,2023-12-01,2023-12-22,Forward,USD,44402.85,DKK,300000.0,S,USD/DKK,ALBA_TANKERS,0D,6.756323073856746,Buy,6.778282383244086,18.61288000307937,6.7722,6.7722,44402.85,1,1.0
29,DKK=,2023-12-22T08:19:31,DKK=,0006851805,2023-12-01,2023-12-22,Forward,USD,44402.85,DKK,300000.0,S,USD/DKK,ALBA_TANKERS,0D,6.756323073856746,Buy,6.778282383244086,18.61288000307937,6.7722,6.7722,44402.85,0,1.0
30,DKK=,2023-12-22T08:19:32,DKK=,0006851805,2023-12-01,2023-12-22,Forward,USD,44402.85,DKK,300000.0,S,USD/DKK,ALBA_TANKERS,0D,6.756323073856746,Buy,6.778282383244086,18.61288000307937,6.7722,6.7722,44402.85,2,1.0
31,DKK=,2023-12-22T08:19:37,DKK=,0006851805,2023-12-01,2023-12-22,Forward,USD,44402.85,DKK,300000.0,S,USD/DKK,ALBA_TANKERS,0D,6.756323073856746,Buy,6.778282383244086,18.61288000307937,6.7717,6.7717,44402.85,5,0.999926168748708
32,DKK=,2023-12-22T08:19:47,DKK=,0006851805,2023-12-01,2023-12-22,Forward,USD,44402.85,DKK,300000.0,S,USD/DKK,ALBA_TANKERS,0D,6.756323073856746,Buy,6.778282383244086,18.61288000307937,6.7727,6.7727,44402.85,10,1.0000738312512922
33,DKK=,2023-12-22T08:20:07,DKK=,0006851805,2023-12-01,2023-12-22,Forward,USD,44402.85,DKK,300000.0,S,USD/DKK,ALBA_TANKERS,0D,6.756323073856746,Buy,6.778282383244086,18.61288000307937,6.7732,6.7732,44402.85,20,1.0001476625025842
34,DKK=,2023-12-22T08:20:37,DKK=,0006851805,2023-12-01,2023-12-22,Forward,USD,44402.85,DKK,300000.0,S,USD/DKK,ALBA_TANKERS,0D,6.756323073856746,Buy,6.778282383244086,18.61288000307937,6.7732,6.7732,44402.85,30,1.0001476625025842
35,DKK=,2023-12-22T08:21:37,DKK=,0006851805,2023-12-01,2023-12-22,Forward,USD,44402.85,DKK,300000.0,S,USD/DKK,ALBA_TANKERS,0D,6.756323073856746,Buy,6.778282383244086,18.61288000307937,6.7729,6.7729,44402.85,60,1.0001033637518089
36,DKK=,2023-12-22T08:23:04,DKK=,0006851807,2023-12-01,2023-12-22,Forward,USD,44408.82,DKK,300000.0,S,USD/DKK,ALBA_TANKERS,0D,6.755414802735133,Buy,6.777363605557439,18.65379171668735,6.7735,6.7735,44408.82,-2,0.9998228703854045
37,DKK=,2023-12-22T08:23:05,DKK=,0006851807,2023-12-01,2023-12-22,Forward,USD,44408.82,DKK,300000.0,S,USD/DKK,ALBA_TANKERS,0D,6.755414802735133,Buy,6.777363605557439,18.65379171668735,6.7747,6.7747,44408.82,1,1.0
38,DKK=,2023-12-22T08:23:06,DKK=,0006851807,2023-12-01,2023-12-22,Forward,USD,44408.82,DKK,300000.0,S,USD/DKK,ALBA_TANKERS,0D,6.755414802735133,Buy,6.777363605557439,18.65379171668735,6.7747,6.7747,44408.82,0,1.0
39,DKK=,2023-12-22T08:23:07,DKK=,0006851807,2023-12-01,2023-12-22,Forward,USD,44408.82,DKK,300000.0,S,USD/DKK,ALBA_TANKERS,0D,6.755414802735133,Buy,6.777363605557439,18.65379171668735,6.7736,6.7736,44408.82,2,0.9998376311866208
40,DKK=,2023-12-22T08:23:12,DKK=,0006851807,2023-12-01,2023-12-22,Forward,USD,44408.82,DKK,300000.0,S,USD/DKK,ALBA_TANKERS,0D,6.755414802735133,Buy,6.777363605557439,18.65379171668735,6.7744,6.7744,44408.82,5,0.9999557175963512
41,DKK=,2023-12-22T08:23:22,DKK=,0006851807,2023-12-01,2023-12-22,Forward,USD,44408.82,DKK,300000.0,S,USD/DKK,ALBA_TANKERS,0D,6.755414802735133,Buy,6.777363605557439,18.65379171668735,6.7748,6.7748,44408.82,10,1.0000147608012162
42,DKK=,2023-12-22T08:23:42,DKK=,0006851807,2023-12-01,2023-12-22,Forward,USD,44408.82,DKK,300000.0,S,USD/DKK,ALBA_TANKERS,0D,6.755414802735133,Buy,6.777363605557439,18.65379171668735,6.7754,6.7754,44408.82,20,1.0001033256085141
43,DKK=,2023-12-22T08:24:12,DKK=,0006851807,2023-12-01,2023-12-22,Forward,USD,44408.82,DKK,300000.0,S,USD/DKK,ALBA_TANKERS,0D,6.755414802735133,Buy,6.777363605557439,18.65379171668735,6.7765,6.7765,44408.82,30,1.0002656944218933
44,DKK=,2023-12-22T08:25:12,DKK=,0006851807,2023-12-01,2023-12-22,Forward,USD,44408.82,DKK,300000.0,S,USD/DKK,ALBA_TANKERS,0D,6.755414802735133,Buy,6.777363605557439,18.65379171668735,6.7759,6.7759,44408.82,60,1.0001771296145954
45,DKK=,2023-12-22T09:20:13,DKK=,0006851854,2023-12-01,2023-12-22,Forward,DKK,13612659.55,USD,2009000.0,S,USD/DKK,ROSSING_APS,0D,6.775838501742161,Sell,6.77367,20.58499999999519,6.7737,6.7737,2009000.0,-2,1.0
46,DKK=,2023-12-22T09:20:14,DKK=,0006851854,2023-12-01,2023-12-22,Forward,DKK,13612659.55,USD,2009000.0,S,USD/DKK,ROSSING_APS,0D,6.775838501742161,Sell,6.77367,20.58499999999519,6.7734,6.7734,2009000.0,1,0.9999557110589485
47,DKK=,2023-12-22T09:20:15,DKK=,0006851854,2023-12-01,2023-12-22,Forward,DKK,13612659.55,USD,2009000.0,S,USD/DKK,ROSSING_APS,0D,6.775838501742161,Sell,6.77367,20.58499999999519,6.7737,6.7737,2009000.0,0,1.0
48,DKK=,2023-12-22T09:20:16,DKK=,0006851854,2023-12-01,2023-12-22,Forward,DKK,13612659.55,USD,2009000.0,S,USD/DKK,ROSSING_APS,0D,6.775838501742161,Sell,6.77367,20.58499999999519,6.7736,6.7736,2009000.0,2,0.9999852370196496
49,DKK=,2023-12-22T09:20:21,DKK=,0006851854,2023-12-01,2023-12-22,Forward,DKK,13612659.55,USD,2009000.0,S,USD/DKK,ROSSING_APS,0D,6.775838501742161,Sell,6.77367,20.58499999999519,6.7736,6.7736,2009000.0,5,0.9999852370196496
50,DKK=,2023-12-22T09:20:31,DKK=,0006851854,2023-12-01,2023-12-22,Forward,DKK,13612659.55,USD,2009000.0,S,USD/DKK,ROSSING_APS,0D,6.775838501742161,Sell,6.77367,20.58499999999519,6.774,6.774,2009000.0,10,1.0000442889410515
51,DKK=,2023-12-22T09:20:51,DKK=,0006851854,2023-12-01,2023-12-22,Forward,DKK,13612659.55,USD,2009000.0,S,USD/DKK,ROSSING_APS,0D,6.775838501742161,Sell,6.77367,20.58499999999519,6.7739,6.7739,2009000.0,20,1.000029525960701
52,DKK=,2023-12-22T09:21:21,DKK=,0006851854,2023-12-01,2023-12-22,Forward,DKK,13612659.55,USD,2009000.0,S,USD/DKK,ROSSING_APS,0D,6.775838501742161,Sell,6.77367,20.58499999999519,6.7734,6.7734,2009000.0,30,0.9999557110589485
53,DKK=,2023-12-22T09:22:21,DKK=,0006851854,2023-12-01,2023-12-22,Forward,DKK,13612659.55,USD,2009000.0,S,USD/DKK,ROSSING_APS,0D,6.775838501742161,Sell,6.77367,20.58499999999519,6.7729,6.7729,2009000.0,60,0.9998818961571962
54,DKK=,2023-12-22T10:33:09,DKK=,0006851924,2023-12-01,2023-12-22,Forward,USD,15527.19,DKK,105000.0,S,USD/DKK,FORSCO_APS,0D,6.762331110780508,Buy,6.772314777190843,19.26846459389786,6.7651,6.7651,15527.19,-2,1.0000147819660015
55,DKK=,2023-12-22T10:33:10,DKK=,0006851924,2023-12-01,2023-12-22,Forward,USD,15527.19,DKK,105000.0,S,USD/DKK,FORSCO_APS,0D,6.762331110780508,Buy,6.772314777190843,19.26846459389786,6.7653,6.7653,15527.19,1,1.0000443458980044
56,DKK=,2023-12-22T10:33:11,DKK=,0006851924,2023-12-01,2023-12-22,Forward,USD,15527.19,DKK,105000.0,S,USD/DKK,FORSCO_APS,0D,6.762331110780508,Buy,6.772314777190843,19.26846459389786,6.765,6.765,15527.19,0,1.0
57,DKK=,2023-12-22T10:33:12,DKK=,0006851924,2023-12-01,2023-12-22,Forward,USD,15527.19,DKK,105000.0,S,USD/DKK,FORSCO_APS,0D,6.762331110780508,Buy,6.772314777190843,19.26846459389786,6.7652,6.7652,15527.19,2,1.000029563932003
58,DKK=,2023-12-22T10:33:17,DKK=,0006851924,2023-12-01,2023-12-22,Forward,USD,15527.19,DKK,105000.0,S,USD/DKK,FORSCO_APS,0D,6.762331110780508,Buy,6.772314777190843,19.26846459389786,6.7653,6.7653,15527.19,5,1.0000443458980044
59,DKK=,2023-12-22T10:33:27,DKK=,0006851924,2023-12-01,2023-12-22,Forward,USD,15527.19,DKK,105000.0,S,USD/DKK,FORSCO_APS,0D,6.762331110780508,Buy,6.772314777190843,19.26846459389786,6.7656,6.7656,15527.19,10,1.000088691796009
60,DKK=,2023-12-22T10:33:47,DKK=,0006851924,2023-12-01,2023-12-22,Forward,USD,15527.19,DKK,105000.0,S,USD/DKK,FORSCO_APS,0D,6.762331110780508,Buy,6.772314777190843,19.26846459389786,6.7654,6.7654,15527.19,20,1.0000591278640059
61,DKK=,2023-12-22T10:34:17,DKK=,0006851924,2023-12-01,2023-12-22,Forward,USD,15527.19,DKK,105000.0,S,USD/DKK,FORSCO_APS,0D,6.762331110780508,Buy,6.772314777190843,19.26846459389786,6.7654,6.7654,15527.19,30,1.0000591278640059
62,DKK=,2023-12-22T10:35:17,DKK=,0006851924,2023-12-01,2023-12-22,Forward,USD,15527.19,DKK,105000.0,S,USD/DKK,FORSCO_APS,0D,6.762331110780508,Buy,6.772314777190843,19.26846459389786,6.7652,6.7652,15527.19,60,1.000029563932003
63,DKK=,2023-12-22T10:36:59,DKK=,0006851925,2023-12-01,2023-12-22,Forward,USD,961401.35,DKK,6500000.0,S,USD/DKK,FORSCO_APS,0D,6.7609640864348695,Buy,6.770939129257228,19.306508073713147,6.7653,6.7653,961401.35,-2,1.0
64,DKK=,2023-12-22T10:37:00,DKK=,0006851925,2023-12-01,2023-12-22,Forward,USD,961401.35,DKK,6500000.0,S,USD/DKK,FORSCO_APS,0D,6.7609640864348695,Buy,6.770939129257228,19.306508073713147,6.7656,6.7656,961401.35,1,1.000044343931533
65,DKK=,2023-12-22T10:37:01,DKK=,0006851925,2023-12-01,2023-12-22,Forward,USD,961401.35,DKK,6500000.0,S,USD/DKK,FORSCO_APS,0D,6.7609640864348695,Buy,6.770939129257228,19.306508073713147,6.7653,6.7653,961401.35,0,1.0
66,DKK=,2023-12-22T10:37:02,DKK=,0006851925,2023-12-01,2023-12-22,Forward,USD,961401.35,DKK,6500000.0,S,USD/DKK,FORSCO_APS,0D,6.7609640864348695,Buy,6.770939129257228,19.306508073713147,6.7653,6.7653,961401.35,2,1.0
67,DKK=,2023-12-22T10:37:07,DKK=,0006851925,2023-12-01,2023-12-22,Forward,USD,961401.35,DKK,6500000.0,S,USD/DKK,FORSCO_APS,0D,6.7609640864348695,Buy,6.770939129257228,19.306508073713147,6.7656,6.7656,961401.35,5,1.000044343931533
68,DKK=,2023-12-22T10:37:17,DKK=,0006851925,2023-12-01,2023-12-22,Forward,USD,961401.35,DKK,6500000.0,S,USD/DKK,FORSCO_APS,0D,6.7609640864348695,Buy,6.770939129257228,19.306508073713147,6.7656,6.7656,961401.35,10,1.000044343931533
69,DKK=,2023-12-22T10:37:37,DKK=,0006851925,2023-12-01,2023-12-22,Forward,USD,961401.35,DKK,6500000.0,S,USD/DKK,FORSCO_APS,0D,6.7609640864348695,Buy,6.770939129257228,19.306508073713147,6.7659,6.7659,961401.35,20,1.000088687863066
70,DKK=,2023-12-22T10:38:07,DKK=,0006851925,2023-12-01,2023-12-22,Forward,USD,961401.35,DKK,6500000.0,S,USD/DKK,FORSCO_APS,0D,6.7609640864348695,Buy,6.770939129257228,19.306508073713147,6.7656,6.7656,961401.35,30,1.000044343931533
71,DKK=,2023-12-22T10:39:07,DKK=,0006851925,2023-12-01,2023-12-22,Forward,USD,961401.35,DKK,6500000.0,S,USD/DKK,FORSCO_APS,0D,6.7609640864348695,Buy,6.770939129257228,19.306508073713147,6.7656,6.7656,961401.35,60,1.000044343931533
72,DKK=,2023-12-22T10:41:05,DKK=,0006851927,2023-12-01,2024-04-02,Forward,DKK,845115.25,USD,125000.0,S,USD/DKK,TRIOBIKE,>3M,6.760922,Sell,6.77202,-347.08000000000186,6.7669,6.7669,125000.0,-2,1.0000147780339304
73,DKK=,2023-12-22T10:41:06,DKK=,0006851927,2023-12-01,2024-04-02,Forward,DKK,845115.25,USD,125000.0,S,USD/DKK,TRIOBIKE,>3M,6.760922,Sell,6.77202,-347.08000000000186,6.7669,6.7669,125000.0,1,1.0000147780339304
74,DKK=,2023-12-22T10:41:07,DKK=,0006851927,2023-12-01,2024-04-02,Forward,DKK,845115.25,USD,125000.0,S,USD/DKK,TRIOBIKE,>3M,6.760922,Sell,6.77202,-347.08000000000186,6.7668,6.7668,125000.0,0,1.0
75,DKK=,2023-12-22T10:41:08,DKK=,0006851927,2023-12-01,2024-04-02,Forward,DKK,845115.25,USD,125000.0,S,USD/DKK,TRIOBIKE,>3M,6.760922,Sell,6.77202,-347.08000000000186,6.7669,6.7669,125000.0,2,1.0000147780339304
76,DKK=,2023-12-22T10:41:13,DKK=,0006851927,2023-12-01,2024-04-02,Forward,DKK,845115.25,USD,125000.0,S,USD/DKK,TRIOBIKE,>3M,6.760922,Sell,6.77202,-347.08000000000186,6.767,6.767,125000.0,5,1.0000295560678607
77,DKK=,2023-12-22T10:41:23,DKK=,0006851927,2023-12-01,2024-04-02,Forward,DKK,845115.25,USD,125000.0,S,USD/DKK,TRIOBIKE,>3M,6.760922,Sell,6.77202,-347.08000000000186,6.7674,6.7674,125000.0,10,1.0000886682035823
78,DKK=,2023-12-22T10:41:43,DKK=,0006851927,2023-12-01,2024-04-02,Forward,DKK,845115.25,USD,125000.0,S,USD/DKK,TRIOBIKE,>3M,6.760922,Sell,6.77202,-347.08000000000186,6.7676,6.7676,125000.0,20,1.0001182242714428
79,DKK=,2023-12-22T10:41:55,DKK=,0006851928,2023-12-01,2024-05-31,Forward,DKK,843024.81,USD,125000.0,S,USD/DKK,TRIOBIKE,>3M,6.7441984800000006,Sell,6.7722,-545.914999999999,6.7672,6.7672,125000.0,-2,1.0
80,DKK=,2023-12-22T10:41:56,DKK=,0006851928,2023-12-01,2024-05-31,Forward,DKK,843024.81,USD,125000.0,S,USD/DKK,TRIOBIKE,>3M,6.7441984800000006,Sell,6.7722,-545.914999999999,6.7672,6.7672,125000.0,1,1.0
81,DKK=,2023-12-22T10:41:57,DKK=,0006851928,2023-12-01,2024-05-31,Forward,DKK,843024.81,USD,125000.0,S,USD/DKK,TRIOBIKE,>3M,6.7441984800000006,Sell,6.7722,-545.914999999999,6.7672,6.7672,125000.0,0,1.0
82,DKK=,2023-12-22T10:41:58,DKK=,0006851928,2023-12-01,2024-05-31,Forward,DKK,843024.81,USD,125000.0,S,USD/DKK,TRIOBIKE,>3M,6.7441984800000006,Sell,6.7722,-545.914999999999,6.7669,6.7669,125000.0,2,0.9999556685187374
83,DKK=,2023-12-22T10:42:03,DKK=,0006851928,2023-12-01,2024-05-31,Forward,DKK,843024.81,USD,125000.0,S,USD/DKK,TRIOBIKE,>3M,6.7441984800000006,Sell,6.7722,-545.914999999999,6.767,6.767,125000.0,5,0.9999704456791584
84,DKK=,2023-12-22T10:42:13,DKK=,0006851927,2023-12-01,2024-04-02,Forward,DKK,845115.25,USD,125000.0,S,USD/DKK,TRIOBIKE,>3M,6.760922,Sell,6.77202,-347.08000000000186,6.767,6.767,125000.0,30,1.0000295560678607
85,DKK=,2023-12-22T10:42:13,DKK=,0006851928,2023-12-01,2024-05-31,Forward,DKK,843024.81,USD,125000.0,S,USD/DKK,TRIOBIKE,>3M,6.7441984800000006,Sell,6.7722,-545.914999999999,6.767,6.767,125000.0,10,0.9999704456791584
86,DKK=,2023-12-22T10:42:33,DKK=,0006851928,2023-12-01,2024-05-31,Forward,DKK,843024.81,USD,125000.0,S,USD/DKK,TRIOBIKE,>3M,6.7441984800000006,Sell,6.7722,-545.914999999999,6.7675,6.7675,125000.0,20,1.0000443314812626
87,DKK=,2023-12-22T10:43:03,DKK=,0006851928,2023-12-01,2024-05-31,Forward,DKK,843024.81,USD,125000.0,S,USD/DKK,TRIOBIKE,>3M,6.7441984800000006,Sell,6.7722,-545.914999999999,6.7672,6.7672,125000.0,30,1.0
88,DKK=,2023-12-22T10:43:13,DKK=,0006851927,2023-12-01,2024-04-02,Forward,DKK,845115.25,USD,125000.0,S,USD/DKK,TRIOBIKE,>3M,6.760922,Sell,6.77202,-347.08000000000186,6.7671,6.7671,125000.0,60,1.000044334101791
89,DKK=,2023-12-22T10:44:03,DKK=,0006851928,2023-12-01,2024-05-31,Forward,DKK,843024.81,USD,125000.0,S,USD/DKK,TRIOBIKE,>3M,6.7441984800000006,Sell,6.7722,-545.914999999999,6.7673,6.7673,125000.0,60,1.0000147771604209
90,DKK=,2023-12-22T10:51:52,DKK=,0006851939,2023-12-01,2023-12-22,Forward,USD,100000.0,DKK,676553.17,P,USD/DKK,OESTERG_A_S,0D,6.7655317,Buy,6.77466,19.116999999999607,6.7673,6.7673,100000.0,-2,1.0
91,DKK=,2023-12-22T10:51:53,DKK=,0006851939,2023-12-01,2023-12-22,Forward,USD,100000.0,DKK,676553.17,P,USD/DKK,OESTERG_A_S,0D,6.7655317,Buy,6.77466,19.116999999999607,6.7673,6.7673,100000.0,1,1.0
92,DKK=,2023-12-22T10:51:54,DKK=,0006851939,2023-12-01,2023-12-22,Forward,USD,100000.0,DKK,676553.17,P,USD/DKK,OESTERG_A_S,0D,6.7655317,Buy,6.77466,19.116999999999607,6.7673,6.7673,100000.0,0,1.0
93,DKK=,2023-12-22T10:51:55,DKK=,0006851939,2023-12-01,2023-12-22,Forward,USD,100000.0,DKK,676553.17,P,USD/DKK,OESTERG_A_S,0D,6.7655317,Buy,6.77466,19.116999999999607,6.7675,6.7675,100000.0,2,1.0000295538841193
94,DKK=,2023-12-22T10:52:00,DKK=,0006851939,2023-12-01,2023-12-22,Forward,USD,100000.0,DKK,676553.17,P,USD/DKK,OESTERG_A_S,0D,6.7655317,Buy,6.77466,19.116999999999607,6.7674,6.7674,100000.0,5,1.0000147769420598
95,DKK=,2023-12-22T10:52:10,DKK=,0006851939,2023-12-01,2023-12-22,Forward,USD,100000.0,DKK,676553.17,P,USD/DKK,OESTERG_A_S,0D,6.7655317,Buy,6.77466,19.116999999999607,6.7673,6.7673,100000.0,10,1.0
96,DKK=,2023-12-22T10:52:30,DKK=,0006851939,2023-12-01,2023-12-22,Forward,USD,100000.0,DKK,676553.17,P,USD/DKK,OESTERG_A_S,0D,6.7655317,Buy,6.77466,19.116999999999607,6.7671,6.7671,100000.0,20,0.9999704461158808
97,DKK=,2023-12-22T10:53:00,DKK=,0006851939,2023-12-01,2023-12-22,Forward,USD,100000.0,DKK,676553.17,P,USD/DKK,OESTERG_A_S,0D,6.7655317,Buy,6.77466,19.116999999999607,6.7674,6.7674,100000.0,30,1.0000147769420598
98,DKK=,2023-12-22T10:54:00,DKK=,0006851939,2023-12-01,2023-12-22,Forward,USD,100000.0,DKK,676553.17,P,USD/DKK,OESTERG_A_S,0D,6.7655317,Buy,6.77466,19.116999999999607,6.767,6.767,100000.0,60,0.9999556691738213
99,DKK=,2023-12-22T11:18:30,DKK=,0006851965,2023-12-01,2023-12-22,Forward,USD,721500.0,DKK,4878259.91,P,USD/DKK,TVILUM_AS,0D,6.761274996534997,Buy,6.77053,17.849999999999255,6.7637,6.7637,721500.0,-2,1.0
100,DKK=,2023-12-22T11:18:31,DKK=,0006851965,2023-12-01,2023-12-22,Forward,USD,721500.0,DKK,4878259.91,P,USD/DKK,TVILUM_AS,0D,6.761274996534997,Buy,6.77053,17.849999999999255,6.7638,6.7638,721500.0,1,1.0000147848071321
101,DKK=,2023-12-22T11:18:32,DKK=,0006851965,2023-12-01,2023-12-22,Forward,USD,721500.0,DKK,4878259.91,P,USD/DKK,TVILUM_AS,0D,6.761274996534997,Buy,6.77053,17.849999999999255,6.7637,6.7637,721500.0,0,1.0
102,DKK=,2023-12-22T11:18:33,DKK=,0006851965,2023-12-01,2023-12-22,Forward,USD,721500.0,DKK,4878259.91,P,USD/DKK,TVILUM_AS,0D,6.761274996534997,Buy,6.77053,17.849999999999255,6.7636,6.7636,721500.0,2,0.9999852151928679
103,DKK=,2023-12-22T11:18:38,DKK=,0006851965,2023-12-01,2023-12-22,Forward,USD,721500.0,DKK,4878259.91,P,USD/DKK,TVILUM_AS,0D,6.761274996534997,Buy,6.77053,17.849999999999255,6.7635,6.7635,721500.0,5,0.9999704303857355
104,DKK=,2023-12-22T11:18:48,DKK=,0006851965,2023-12-01,2023-12-22,Forward,USD,721500.0,DKK,4878259.91,P,USD/DKK,TVILUM_AS,0D,6.761274996534997,Buy,6.77053,17.849999999999255,6.7635,6.7635,721500.0,10,0.9999704303857355
105,DKK=,2023-12-22T11:19:08,DKK=,0006851965,2023-12-01,2023-12-22,Forward,USD,721500.0,DKK,4878259.91,P,USD/DKK,TVILUM_AS,0D,6.761274996534997,Buy,6.77053,17.849999999999255,6.7634,6.7634,721500.0,20,0.9999556455786034
106,DKK=,2023-12-22T11:19:38,DKK=,0006851965,2023-12-01,2023-12-22,Forward,USD,721500.0,DKK,4878259.91,P,USD/DKK,TVILUM_AS,0D,6.761274996534997,Buy,6.77053,17.849999999999255,6.7633,6.7633,721500.0,30,0.9999408607714713
107,DKK=,2023-12-22T11:20:38,DKK=,0006851965,2023-12-01,2023-12-22,Forward,USD,721500.0,DKK,4878259.91,P,USD/DKK,TVILUM_AS,0D,6.761274996534997,Buy,6.77053,17.849999999999255,6.7641,6.7641,721500.0,60,1.0000591392285287
108,DKK=,2023-12-22T11:34:08,DKK=,0006851983,2023-12-01,2024-04-24,Forward,DKK,6752476.1,USD,1000000.0,S,USD/DKK,SUKUP_EURO,>3M,6.7524761,Sell,6.77,-422.6389999999913,6.7606,6.7606,1000000.0,-2,1.0
109,DKK=,2023-12-22T11:34:09,DKK=,0006851983,2023-12-01,2024-04-24,Forward,DKK,6752476.1,USD,1000000.0,S,USD/DKK,SUKUP_EURO,>3M,6.7524761,Sell,6.77,-422.6389999999913,6.7605,6.7605,1000000.0,1,0.9999852084134545
110,DKK=,2023-12-22T11:34:10,DKK=,0006851983,2023-12-01,2024-04-24,Forward,DKK,6752476.1,USD,1000000.0,S,USD/DKK,SUKUP_EURO,>3M,6.7524761,Sell,6.77,-422.6389999999913,6.7606,6.7606,1000000.0,0,1.0
111,DKK=,2023-12-22T11:34:11,DKK=,0006851983,2023-12-01,2024-04-24,Forward,DKK,6752476.1,USD,1000000.0,S,USD/DKK,SUKUP_EURO,>3M,6.7524761,Sell,6.77,-422.6389999999913,6.7607,6.7607,1000000.0,2,1.0000147915865456
112,DKK=,2023-12-22T11:34:16,DKK=,0006851983,2023-12-01,2024-04-24,Forward,DKK,6752476.1,USD,1000000.0,S,USD/DKK,SUKUP_EURO,>3M,6.7524761,Sell,6.77,-422.6389999999913,6.7609,6.7609,1000000.0,5,1.0000443747596368
113,DKK=,2023-12-22T11:34:26,DKK=,0006851983,2023-12-01,2024-04-24,Forward,DKK,6752476.1,USD,1000000.0,S,USD/DKK,SUKUP_EURO,>3M,6.7524761,Sell,6.77,-422.6389999999913,6.7607,6.7607,1000000.0,10,1.0000147915865456
114,DKK=,2023-12-22T11:34:46,DKK=,0006851983,2023-12-01,2024-04-24,Forward,DKK,6752476.1,USD,1000000.0,S,USD/DKK,SUKUP_EURO,>3M,6.7524761,Sell,6.77,-422.6389999999913,6.7606,6.7606,1000000.0,20,1.0
115,DKK=,2023-12-22T11:35:16,DKK=,0006851983,2023-12-01,2024-04-24,Forward,DKK,6752476.1,USD,1000000.0,S,USD/DKK,SUKUP_EURO,>3M,6.7524761,Sell,6.77,-422.6389999999913,6.7605,6.7605,1000000.0,30,0.9999852084134545
116,DKK=,2023-12-22T11:36:16,DKK=,0006851983,2023-12-01,2024-04-24,Forward,DKK,6752476.1,USD,1000000.0,S,USD/DKK,SUKUP_EURO,>3M,6.7524761,Sell,6.77,-422.6389999999913,6.7606,6.7606,1000000.0,60,1.0
117,DKK=,2023-12-22T11:47:05,DKK=,0006852000,2023-12-01,2023-12-27,Forward,USD,74146.3,DKK,500000.0,S,USD/DKK,ALBA_TANKERS,<1W,6.743424823625723,Buy,6.766815536608473,3.3886143284167503,6.7614,6.7614,74146.3,-2,1.0000147900551668
118,DKK=,2023-12-22T11:47:06,DKK=,0006852000,2023-12-01,2023-12-27,Forward,USD,74146.3,DKK,500000.0,S,USD/DKK,ALBA_TANKERS,<1W,6.743424823625723,Buy,6.766815536608473,3.3886143284167503,6.7614,6.7614,74146.3,1,1.0000147900551668
119,DKK=,2023-12-22T11:47:07,DKK=,0006852000,2023-12-01,2023-12-27,Forward,USD,74146.3,DKK,500000.0,S,USD/DKK,ALBA_TANKERS,<1W,6.743424823625723,Buy,6.766815536608473,3.3886143284167503,6.7613,6.7613,74146.3,0,1.0
120,DKK=,2023-12-22T11:47:08,DKK=,0006852000,2023-12-01,2023-12-27,Forward,USD,74146.3,DKK,500000.0,S,USD/DKK,ALBA_TANKERS,<1W,6.743424823625723,Buy,6.766815536608473,3.3886143284167503,6.7613,6.7613,74146.3,2,1.0
121,DKK=,2023-12-22T11:47:13,DKK=,0006852000,2023-12-01,2023-12-27,Forward,USD,74146.3,DKK,500000.0,S,USD/DKK,ALBA_TANKERS,<1W,6.743424823625723,Buy,6.766815536608473,3.3886143284167503,6.7618,6.7618,74146.3,5,1.0000739502758345
122,DKK=,2023-12-22T11:47:23,DKK=,0006852000,2023-12-01,2023-12-27,Forward,USD,74146.3,DKK,500000.0,S,USD/DKK,ALBA_TANKERS,<1W,6.743424823625723,Buy,6.766815536608473,3.3886143284167503,6.7617,6.7617,74146.3,10,1.0000591602206677
123,DKK=,2023-12-22T11:47:43,DKK=,0006852000,2023-12-01,2023-12-27,Forward,USD,74146.3,DKK,500000.0,S,USD/DKK,ALBA_TANKERS,<1W,6.743424823625723,Buy,6.766815536608473,3.3886143284167503,6.7616,6.7616,74146.3,20,1.0000443701655006
124,DKK=,2023-12-22T11:48:13,DKK=,0006852000,2023-12-01,2023-12-27,Forward,USD,74146.3,DKK,500000.0,S,USD/DKK,ALBA_TANKERS,<1W,6.743424823625723,Buy,6.766815536608473,3.3886143284167503,6.7614,6.7614,74146.3,30,1.0000147900551668
125,DKK=,2023-12-22T11:49:13,DKK=,0006852000,2023-12-01,2023-12-27,Forward,USD,74146.3,DKK,500000.0,S,USD/DKK,ALBA_TANKERS,<1W,6.743424823625723,Buy,6.766815536608473,3.3886143284167503,6.762,6.762,74146.3,60,1.0001035303861683
126,DKK=,2023-12-22T11:50:25,DKK=,0006852004,2023-12-01,2024-02-22,Forward,DKK,758647.07,USD,112222.18,S,USD/DKK,CONSCIA,2M,6.7602239592921824,Sell,6.76771,-203.66000000000105,6.7622,6.7622,112222.18,-2,0.999985212131967
127,DKK=,2023-12-22T11:50:26,DKK=,0006852004,2023-12-01,2024-02-22,Forward,DKK,758647.07,USD,112222.18,S,USD/DKK,CONSCIA,2M,6.7602239592921824,Sell,6.76771,-203.66000000000105,6.7622,6.7622,112222.18,1,0.999985212131967
128,DKK=,2023-12-22T11:50:27,DKK=,0006852004,2023-12-01,2024-02-22,Forward,DKK,758647.07,USD,112222.18,S,USD/DKK,CONSCIA,2M,6.7602239592921824,Sell,6.76771,-203.66000000000105,6.7623,6.7623,112222.18,0,1.0
129,DKK=,2023-12-22T11:50:28,DKK=,0006852004,2023-12-01,2024-02-22,Forward,DKK,758647.07,USD,112222.18,S,USD/DKK,CONSCIA,2M,6.7602239592921824,Sell,6.76771,-203.66000000000105,6.7622,6.7622,112222.18,2,0.999985212131967
130,DKK=,2023-12-22T11:50:33,DKK=,0006852004,2023-12-01,2024-02-22,Forward,DKK,758647.07,USD,112222.18,S,USD/DKK,CONSCIA,2M,6.7602239592921824,Sell,6.76771,-203.66000000000105,6.763,6.763,112222.18,5,1.0001035150762314
131,DKK=,2023-12-22T11:50:43,DKK=,0006852004,2023-12-01,2024-02-22,Forward,DKK,758647.07,USD,112222.18,S,USD/DKK,CONSCIA,2M,6.7602239592921824,Sell,6.76771,-203.66000000000105,6.7628,6.7628,112222.18,10,1.0000739393401654
132,DKK=,2023-12-22T11:51:03,DKK=,0006852004,2023-12-01,2024-02-22,Forward,DKK,758647.07,USD,112222.18,S,USD/DKK,CONSCIA,2M,6.7602239592921824,Sell,6.76771,-203.66000000000105,6.7627,6.7627,112222.18,20,1.0000591514721322
133,DKK=,2023-12-22T11:51:33,DKK=,0006852004,2023-12-01,2024-02-22,Forward,DKK,758647.07,USD,112222.18,S,USD/DKK,CONSCIA,2M,6.7602239592921824,Sell,6.76771,-203.66000000000105,6.7627,6.7627,112222.18,30,1.0000591514721322
134,DKK=,2023-12-22T11:52:33,DKK=,0006852004,2023-12-01,2024-02-22,Forward,DKK,758647.07,USD,112222.18,S,USD/DKK,CONSCIA,2M,6.7602239592921824,Sell,6.76771,-203.66000000000105,6.7627,6.7627,112222.18,60,1.0000591514721322
135,DKK=,2023-12-22T11:53:48,DKK=,0006852011,2023-12-01,2023-12-29,Swap,USD,250000.0,DKK,1745210.63,P,USD/DKK,LSM_PUMPER,1W,6.9808425199999995,Buy,6.9808425,-19.999999999997797,6.7625,6.7625,250000.0,-2,1.0
136,DKK=,2023-12-22T11:53:49,DKK=,0006852011,2023-12-01,2023-12-29,Swap,USD,250000.0,DKK,1745210.63,P,USD/DKK,LSM_PUMPER,1W,6.9808425199999995,Buy,6.9808425,-19.999999999997797,6.7626,6.7626,250000.0,1,1.000014787430684
137,DKK=,2023-12-22T11:53:50,DKK=,0006852011,2023-12-01,2023-12-29,Swap,USD,250000.0,DKK,1745210.63,P,USD/DKK,LSM_PUMPER,1W,6.9808425199999995,Buy,6.9808425,-19.999999999997797,6.7625,6.7625,250000.0,0,1.0
138,DKK=,2023-12-22T11:53:51,DKK=,0006852011,2023-12-01,2023-12-29,Swap,USD,250000.0,DKK,1745210.63,P,USD/DKK,LSM_PUMPER,1W,6.9808425199999995,Buy,6.9808425,-19.999999999997797,6.7624,6.7624,250000.0,2,0.9999852125693162
139,DKK=,2023-12-22T11:53:56,DKK=,0006852011,2023-12-01,2023-12-29,Swap,USD,250000.0,DKK,1745210.63,P,USD/DKK,LSM_PUMPER,1W,6.9808425199999995,Buy,6.9808425,-19.999999999997797,6.7628,6.7628,250000.0,5,1.0000443622920518
140,DKK=,2023-12-22T11:54:06,DKK=,0006852011,2023-12-01,2023-12-29,Swap,USD,250000.0,DKK,1745210.63,P,USD/DKK,LSM_PUMPER,1W,6.9808425199999995,Buy,6.9808425,-19.999999999997797,6.7631,6.7631,250000.0,10,1.0000887245841035
141,DKK=,2023-12-22T11:54:26,DKK=,0006852011,2023-12-01,2023-12-29,Swap,USD,250000.0,DKK,1745210.63,P,USD/DKK,LSM_PUMPER,1W,6.9808425199999995,Buy,6.9808425,-19.999999999997797,6.7629,6.7629,250000.0,20,1.0000591497227356
142,DKK=,2023-12-22T11:54:56,DKK=,0006852011,2023-12-01,2023-12-29,Swap,USD,250000.0,DKK,1745210.63,P,USD/DKK,LSM_PUMPER,1W,6.9808425199999995,Buy,6.9808425,-19.999999999997797,6.7629,6.7629,250000.0,30,1.0000591497227356
143,DKK=,2023-12-22T11:55:56,DKK=,0006852011,2023-12-01,2023-12-29,Swap,USD,250000.0,DKK,1745210.63,P,USD/DKK,LSM_PUMPER,1W,6.9808425199999995,Buy,6.9808425,-19.999999999997797,6.762,6.762,250000.0,60,0.9999260628465804
144,DKK=,2023-12-22T12:22:35,DKK=,0006852025,2023-12-01,2023-12-22,Forward,USD,11000.0,DKK,74326.59,P,USD/DKK,AASTED_MKROV,0D,6.756962727272727,Buy,6.76424,19.22999999999675,6.761,6.761,11000.0,-2,0.9999408406543023
145,DKK=,2023-12-22T12:22:36,DKK=,0006852025,2023-12-01,2023-12-22,Forward,USD,11000.0,DKK,74326.59,P,USD/DKK,AASTED_MKROV,0D,6.756962727272727,Buy,6.76424,19.22999999999675,6.7613,6.7613,11000.0,1,0.9999852101635757
146,DKK=,2023-12-22T12:22:37,DKK=,0006852025,2023-12-01,2023-12-22,Forward,USD,11000.0,DKK,74326.59,P,USD/DKK,AASTED_MKROV,0D,6.756962727272727,Buy,6.76424,19.22999999999675,6.7614,6.7614,11000.0,0,1.0
147,DKK=,2023-12-22T12:22:38,DKK=,0006852025,2023-12-01,2023-12-22,Forward,USD,11000.0,DKK,74326.59,P,USD/DKK,AASTED_MKROV,0D,6.756962727272727,Buy,6.76424,19.22999999999675,6.761,6.761,11000.0,2,0.9999408406543023
148,DKK=,2023-12-22T12:22:43,DKK=,0006852025,2023-12-01,2023-12-22,Forward,USD,11000.0,DKK,74326.59,P,USD/DKK,AASTED_MKROV,0D,6.756962727272727,Buy,6.76424,19.22999999999675,6.7611,6.7611,11000.0,5,0.9999556304907268
149,DKK=,2023-12-22T12:22:53,DKK=,0006852025,2023-12-01,2023-12-22,Forward,USD,11000.0,DKK,74326.59,P,USD/DKK,AASTED_MKROV,0D,6.756962727272727,Buy,6.76424,19.22999999999675,6.7609,6.7609,11000.0,10,0.999926050817878
150,DKK=,2023-12-22T12:23:13,DKK=,0006852025,2023-12-01,2023-12-22,Forward,USD,11000.0,DKK,74326.59,P,USD/DKK,AASTED_MKROV,0D,6.756962727272727,Buy,6.76424,19.22999999999675,6.7601,6.7601,11000.0,20,0.9998077321264828
151,DKK=,2023-12-22T12:23:43,DKK=,0006852025,2023-12-01,2023-12-22,Forward,USD,11000.0,DKK,74326.59,P,USD/DKK,AASTED_MKROV,0D,6.756962727272727,Buy,6.76424,19.22999999999675,6.7596,6.7596,11000.0,30,0.9997337829443605
152,DKK=,2023-12-22T12:24:43,DKK=,0006852025,2023-12-01,2023-12-22,Forward,USD,11000.0,DKK,74326.59,P,USD/DKK,AASTED_MKROV,0D,6.756962727272727,Buy,6.76424,19.22999999999675,6.7588,6.7588,11000.0,60,0.9996154642529653
153,DKK=,2023-12-22T12:28:11,DKK=,0006852034,2023-12-01,2023-12-22,Forward,DKK,105781.89,USD,15603.38,S,USD/DKK,DACAPO_AS,0D,6.7794215099548945,Sell,6.76261,20.91800000000532,6.757,6.757,15603.38,-2,0.9999260081391046
154,DKK=,2023-12-22T12:28:12,DKK=,0006852034,2023-12-01,2023-12-22,Forward,DKK,105781.89,USD,15603.38,S,USD/DKK,DACAPO_AS,0D,6.7794215099548945,Sell,6.76261,20.91800000000532,6.7572,6.7572,15603.38,1,0.9999556048834628
155,DKK=,2023-12-22T12:28:13,DKK=,0006852034,2023-12-01,2023-12-22,Forward,DKK,105781.89,USD,15603.38,S,USD/DKK,DACAPO_AS,0D,6.7794215099548945,Sell,6.76261,20.91800000000532,6.7575,6.7575,15603.38,0,1.0
156,DKK=,2023-12-22T12:28:14,DKK=,0006852034,2023-12-01,2023-12-22,Forward,DKK,105781.89,USD,15603.38,S,USD/DKK,DACAPO_AS,0D,6.7794215099548945,Sell,6.76261,20.91800000000532,6.7574,6.7574,15603.38,2,0.9999852016278209
157,DKK=,2023-12-22T12:28:19,DKK=,0006852034,2023-12-01,2023-12-22,Forward,DKK,105781.89,USD,15603.38,S,USD/DKK,DACAPO_AS,0D,6.7794215099548945,Sell,6.76261,20.91800000000532,6.7573,6.7573,15603.38,5,0.9999704032556418
158,DKK=,2023-12-22T12:28:29,DKK=,0006852034,2023-12-01,2023-12-22,Forward,DKK,105781.89,USD,15603.38,S,USD/DKK,DACAPO_AS,0D,6.7794215099548945,Sell,6.76261,20.91800000000532,6.7573,6.7573,15603.38,10,0.9999704032556418
159,DKK=,2023-12-22T12:28:49,DKK=,0006852034,2023-12-01,2023-12-22,Forward,DKK,105781.89,USD,15603.38,S,USD/DKK,DACAPO_AS,0D,6.7794215099548945,Sell,6.76261,20.91800000000532,6.7575,6.7575,15603.38,20,1.0
160,DKK=,2023-12-22T12:29:19,DKK=,0006852034,2023-12-01,2023-12-22,Forward,DKK,105781.89,USD,15603.38,S,USD/DKK,DACAPO_AS,0D,6.7794215099548945,Sell,6.76261,20.91800000000532,6.7579,6.7579,15603.38,30,1.0000591934887162
161,DKK=,2023-12-22T12:30:19,DKK=,0006852034,2023-12-01,2023-12-22,Forward,DKK,105781.89,USD,15603.38,S,USD/DKK,DACAPO_AS,0D,6.7794215099548945,Sell,6.76261,20.91800000000532,6.7577,6.7577,15603.38,60,1.000029596744358
162,DKK=,2023-12-22T13:03:07,DKK=,0006852065,2023-12-01,2024-02-23,Forward,DKK,1600913.0,USD,237082.7,S,USD/DKK,CONSCIA,2M,6.7525509031236775,Sell,6.7603,-206.49099999999976,6.7651,6.7651,237082.7,-2,1.0000295643690225
163,DKK=,2023-12-22T13:03:08,DKK=,0006852065,2023-12-01,2024-02-23,Forward,DKK,1600913.0,USD,237082.7,S,USD/DKK,CONSCIA,2M,6.7525509031236775,Sell,6.7603,-206.49099999999976,6.7646,6.7646,237082.7,1,0.9999556534464663
164,DKK=,2023-12-22T13:03:09,DKK=,0006852065,2023-12-01,2024-02-23,Forward,DKK,1600913.0,USD,237082.7,S,USD/DKK,CONSCIA,2M,6.7525509031236775,Sell,6.7603,-206.49099999999976,6.7649,6.7649,237082.7,0,1.0
165,DKK=,2023-12-22T13:03:10,DKK=,0006852065,2023-12-01,2024-02-23,Forward,DKK,1600913.0,USD,237082.7,S,USD/DKK,CONSCIA,2M,6.7525509031236775,Sell,6.7603,-206.49099999999976,6.7646,6.7646,237082.7,2,0.9999556534464663
166,DKK=,2023-12-22T13:03:15,DKK=,0006852065,2023-12-01,2024-02-23,Forward,DKK,1600913.0,USD,237082.7,S,USD/DKK,CONSCIA,2M,6.7525509031236775,Sell,6.7603,-206.49099999999976,6.7646,6.7646,237082.7,5,0.9999556534464663
167,DKK=,2023-12-22T13:03:25,DKK=,0006852065,2023-12-01,2024-02-23,Forward,DKK,1600913.0,USD,237082.7,S,USD/DKK,CONSCIA,2M,6.7525509031236775,Sell,6.7603,-206.49099999999976,6.7638,6.7638,237082.7,10,0.9998373959703765
168,DKK=,2023-12-22T13:03:45,DKK=,0006852065,2023-12-01,2024-02-23,Forward,DKK,1600913.0,USD,237082.7,S,USD/DKK,CONSCIA,2M,6.7525509031236775,Sell,6.7603,-206.49099999999976,6.7639,6.7639,237082.7,20,0.9998521781548877
169,DKK=,2023-12-22T13:04:15,DKK=,0006852065,2023-12-01,2024-02-23,Forward,DKK,1600913.0,USD,237082.7,S,USD/DKK,CONSCIA,2M,6.7525509031236775,Sell,6.7603,-206.49099999999976,6.7639,6.7639,237082.7,30,0.9998521781548877
170,DKK=,2023-12-22T13:05:15,DKK=,0006852065,2023-12-01,2024-02-23,Forward,DKK,1600913.0,USD,237082.7,S,USD/DKK,CONSCIA,2M,6.7525509031236775,Sell,6.7603,-206.49099999999976,6.7641,6.7641,237082.7,60,0.9998817425239102
171,DKK=,2023-12-22T13:18:19,DKK=,0006852073,2023-12-01,2024-03-20,Forward,DKK,3371627.25,USD,500000.0,S,USD/DKK,JEKA_FISH,3M,6.7432545,Sell,6.76163,-298.1550000000066,6.7618,6.7618,500000.0,-2,0.9999704229517895
172,DKK=,2023-12-22T13:18:20,DKK=,0006852073,2023-12-01,2024-03-20,Forward,DKK,3371627.25,USD,500000.0,S,USD/DKK,JEKA_FISH,3M,6.7432545,Sell,6.76163,-298.1550000000066,6.762,6.762,500000.0,1,1.0
173,DKK=,2023-12-22T13:18:21,DKK=,0006852073,2023-12-01,2024-03-20,Forward,DKK,3371627.25,USD,500000.0,S,USD/DKK,JEKA_FISH,3M,6.7432545,Sell,6.76163,-298.1550000000066,6.762,6.762,500000.0,0,1.0
174,DKK=,2023-12-22T13:18:22,DKK=,0006852073,2023-12-01,2024-03-20,Forward,DKK,3371627.25,USD,500000.0,S,USD/DKK,JEKA_FISH,3M,6.7432545,Sell,6.76163,-298.1550000000066,6.762,6.762,500000.0,2,1.0
175,DKK=,2023-12-22T13:18:27,DKK=,0006852073,2023-12-01,2024-03-20,Forward,DKK,3371627.25,USD,500000.0,S,USD/DKK,JEKA_FISH,3M,6.7432545,Sell,6.76163,-298.1550000000066,6.762,6.762,500000.0,5,1.0
176,DKK=,2023-12-22T13:18:37,DKK=,0006852073,2023-12-01,2024-03-20,Forward,DKK,3371627.25,USD,500000.0,S,USD/DKK,JEKA_FISH,3M,6.7432545,Sell,6.76163,-298.1550000000066,6.762,6.762,500000.0,10,1.0
177,DKK=,2023-12-22T13:18:57,DKK=,0006852073,2023-12-01,2024-03-20,Forward,DKK,3371627.25,USD,500000.0,S,USD/DKK,JEKA_FISH,3M,6.7432545,Sell,6.76163,-298.1550000000066,6.7616,6.7616,500000.0,20,0.9999408459035788
178,DKK=,2023-12-22T13:19:27,DKK=,0006852073,2023-12-01,2024-03-20,Forward,DKK,3371627.25,USD,500000.0,S,USD/DKK,JEKA_FISH,3M,6.7432545,Sell,6.76163,-298.1550000000066,6.7611,6.7611,500000.0,30,0.9998669032830524
179,DKK=,2023-12-22T13:20:27,DKK=,0006852073,2023-12-01,2024-03-20,Forward,DKK,3371627.25,USD,500000.0,S,USD/DKK,JEKA_FISH,3M,6.7432545,Sell,6.76163,-298.1550000000066,6.7613,6.7613,500000.0,60,0.9998964803312631
180,DKK=,2023-12-22T13:30:01,DKK=,0006852089,2023-12-01,2025-03-28,Forward,DKK,6621563.9,USD,1000000.0,S,USD/DKK,CLAIRE,>3M,6.6215639,Sell,6.76,-1596.1610000000003,6.7642,6.7642,1000000.0,-2,1.0000443531098921
181,DKK=,2023-12-22T13:30:02,DKK=,0006852089,2023-12-01,2025-03-28,Forward,DKK,6621563.9,USD,1000000.0,S,USD/DKK,CLAIRE,>3M,6.6215639,Sell,6.76,-1596.1610000000003,6.7642,6.7642,1000000.0,1,1.0000443531098921
182,DKK=,2023-12-22T13:30:03,DKK=,0006852089,2023-12-01,2025-03-28,Forward,DKK,6621563.9,USD,1000000.0,S,USD/DKK,CLAIRE,>3M,6.6215639,Sell,6.76,-1596.1610000000003,6.7639,6.7639,1000000.0,0,1.0
183,DKK=,2023-12-22T13:30:04,DKK=,0006852089,2023-12-01,2025-03-28,Forward,DKK,6621563.9,USD,1000000.0,S,USD/DKK,CLAIRE,>3M,6.6215639,Sell,6.76,-1596.1610000000003,6.7641,6.7641,1000000.0,2,1.0000295687399283
184,DKK=,2023-12-22T13:30:09,DKK=,0006852089,2023-12-01,2025-03-28,Forward,DKK,6621563.9,USD,1000000.0,S,USD/DKK,CLAIRE,>3M,6.6215639,Sell,6.76,-1596.1610000000003,6.7623,6.7623,1000000.0,5,0.9997634500805749
185,DKK=,2023-12-22T13:30:19,DKK=,0006852089,2023-12-01,2025-03-28,Forward,DKK,6621563.9,USD,1000000.0,S,USD/DKK,CLAIRE,>3M,6.6215639,Sell,6.76,-1596.1610000000003,6.7651,6.7651,1000000.0,10,1.000177412439569
186,DKK=,2023-12-22T13:30:39,DKK=,0006852089,2023-12-01,2025-03-28,Forward,DKK,6621563.9,USD,1000000.0,S,USD/DKK,CLAIRE,>3M,6.6215639,Sell,6.76,-1596.1610000000003,6.7688,6.7688,1000000.0,20,1.0007244341282397
187,DKK=,2023-12-22T13:31:09,DKK=,0006852089,2023-12-01,2025-03-28,Forward,DKK,6621563.9,USD,1000000.0,S,USD/DKK,CLAIRE,>3M,6.6215639,Sell,6.76,-1596.1610000000003,6.7695,6.7695,1000000.0,30,1.000827924717988
188,DKK=,2023-12-22T13:32:09,DKK=,0006852089,2023-12-01,2025-03-28,Forward,DKK,6621563.9,USD,1000000.0,S,USD/DKK,CLAIRE,>3M,6.6215639,Sell,6.76,-1596.1610000000003,6.7718,6.7718,1000000.0,60,1.001167965227162
189,DKK=,2023-12-22T13:32:46,DKK=,0006852096,2023-12-01,2025-06-20,Forward,DKK,6595083.6,USD,1000000.0,S,USD/DKK,CLAIRE,>3M,6.5950836,Sell,6.76,-1882.3640000000007,6.7748,6.7748,1000000.0,-2,0.999970479704797
190,DKK=,2023-12-22T13:32:47,DKK=,0006852096,2023-12-01,2025-06-20,Forward,DKK,6595083.6,USD,1000000.0,S,USD/DKK,CLAIRE,>3M,6.5950836,Sell,6.76,-1882.3640000000007,6.775,6.775,1000000.0,1,1.0
191,DKK=,2023-12-22T13:32:48,DKK=,0006852096,2023-12-01,2025-06-20,Forward,DKK,6595083.6,USD,1000000.0,S,USD/DKK,CLAIRE,>3M,6.5950836,Sell,6.76,-1882.3640000000007,6.775,6.775,1000000.0,0,1.0
192,DKK=,2023-12-22T13:32:49,DKK=,0006852096,2023-12-01,2025-06-20,Forward,DKK,6595083.6,USD,1000000.0,S,USD/DKK,CLAIRE,>3M,6.5950836,Sell,6.76,-1882.3640000000007,6.775,6.775,1000000.0,2,1.0
193,DKK=,2023-12-22T13:32:54,DKK=,0006852096,2023-12-01,2025-06-20,Forward,DKK,6595083.6,USD,1000000.0,S,USD/DKK,CLAIRE,>3M,6.5950836,Sell,6.76,-1882.3640000000007,6.7745,6.7745,1000000.0,5,0.9999261992619926
194,DKK=,2023-12-22T13:33:04,DKK=,0006852096,2023-12-01,2025-06-20,Forward,DKK,6595083.6,USD,1000000.0,S,USD/DKK,CLAIRE,>3M,6.5950836,Sell,6.76,-1882.3640000000007,6.7727,6.7727,1000000.0,10,0.9996605166051661
195,DKK=,2023-12-22T13:33:24,DKK=,0006852096,2023-12-01,2025-06-20,Forward,DKK,6595083.6,USD,1000000.0,S,USD/DKK,CLAIRE,>3M,6.5950836,Sell,6.76,-1882.3640000000007,6.7735,6.7735,1000000.0,20,0.9997785977859779
196,DKK=,2023-12-22T13:33:54,DKK=,0006852096,2023-12-01,2025-06-20,Forward,DKK,6595083.6,USD,1000000.0,S,USD/DKK,CLAIRE,>3M,6.5950836,Sell,6.76,-1882.3640000000007,6.7715,6.7715,1000000.0,30,0.9994833948339482
197,DKK=,2023-12-22T13:34:54,DKK=,0006852096,2023-12-01,2025-06-20,Forward,DKK,6595083.6,USD,1000000.0,S,USD/DKK,CLAIRE,>3M,6.5950836,Sell,6.76,-1882.3640000000007,6.7699,6.7699,1000000.0,60,0.9992472324723246
198,DKK=,2023-12-22T13:35:32,DKK=,0006852105,2023-12-01,2024-01-08,Swap,USD,200000.0,DKK,1351856.4,P,USD/DKK,WESTPACK_AS,2W,6.759282,Buy,6.759282,-50.669999999994886,6.7686,6.7686,200000.0,-2,1.0
199,DKK=,2023-12-22T13:35:33,DKK=,0006852105,2023-12-01,2024-01-08,Swap,USD,200000.0,DKK,1351856.4,P,USD/DKK,WESTPACK_AS,2W,6.759282,Buy,6.759282,-50.669999999994886,6.7687,6.7687,200000.0,1,1.0000147741039505
200,DKK=,2023-12-22T13:35:34,DKK=,0006852105,2023-12-01,2024-01-08,Swap,USD,200000.0,DKK,1351856.4,P,USD/DKK,WESTPACK_AS,2W,6.759282,Buy,6.759282,-50.669999999994886,6.7686,6.7686,200000.0,0,1.0
201,DKK=,2023-12-22T13:35:35,DKK=,0006852105,2023-12-01,2024-01-08,Swap,USD,200000.0,DKK,1351856.4,P,USD/DKK,WESTPACK_AS,2W,6.759282,Buy,6.759282,-50.669999999994886,6.7684,6.7684,200000.0,2,0.9999704517920988
202,DKK=,2023-12-22T13:35:40,DKK=,0006852105,2023-12-01,2024-01-08,Swap,USD,200000.0,DKK,1351856.4,P,USD/DKK,WESTPACK_AS,2W,6.759282,Buy,6.759282,-50.669999999994886,6.7684,6.7684,200000.0,5,0.9999704517920988
203,DKK=,2023-12-22T13:35:50,DKK=,0006852105,2023-12-01,2024-01-08,Swap,USD,200000.0,DKK,1351856.4,P,USD/DKK,WESTPACK_AS,2W,6.759282,Buy,6.759282,-50.669999999994886,6.7692,6.7692,200000.0,10,1.0000886446237034
204,DKK=,2023-12-22T13:36:10,DKK=,0006852105,2023-12-01,2024-01-08,Swap,USD,200000.0,DKK,1351856.4,P,USD/DKK,WESTPACK_AS,2W,6.759282,Buy,6.759282,-50.669999999994886,6.7677,6.7677,200000.0,20,0.9998670330644446
205,DKK=,2023-12-22T13:36:40,DKK=,0006852105,2023-12-01,2024-01-08,Swap,USD,200000.0,DKK,1351856.4,P,USD/DKK,WESTPACK_AS,2W,6.759282,Buy,6.759282,-50.669999999994886,6.7665,6.7665,200000.0,30,0.9996897438170375
206,DKK=,2023-12-22T13:37:40,DKK=,0006852105,2023-12-01,2024-01-08,Swap,USD,200000.0,DKK,1351856.4,P,USD/DKK,WESTPACK_AS,2W,6.759282,Buy,6.759282,-50.669999999994886,6.7663,6.7663,200000.0,60,0.9996601956091363
207,DKK=,2023-12-22T13:55:45,DKK=,0006852116,2023-12-01,2023-12-22,Forward,USD,103803.49,DKK,700000.0,S,USD/DKK,ALBA_TANKERS,0D,6.743511224911609,Buy,6.76544212164265,17.992868368388315,6.7611,6.7611,103803.49,-2,0.9999852097260842
208,DKK=,2023-12-22T13:55:46,DKK=,0006852116,2023-12-01,2023-12-22,Forward,USD,103803.49,DKK,700000.0,S,USD/DKK,ALBA_TANKERS,0D,6.743511224911609,Buy,6.76544212164265,17.992868368388315,6.7608,6.7608,103803.49,1,0.9999408389043365
209,DKK=,2023-12-22T13:55:47,DKK=,0006852116,2023-12-01,2023-12-22,Forward,USD,103803.49,DKK,700000.0,S,USD/DKK,ALBA_TANKERS,0D,6.743511224911609,Buy,6.76544212164265,17.992868368388315,6.7612,6.7612,103803.49,0,1.0
210,DKK=,2023-12-22T13:55:48,DKK=,0006852116,2023-12-01,2023-12-22,Forward,USD,103803.49,DKK,700000.0,S,USD/DKK,ALBA_TANKERS,0D,6.743511224911609,Buy,6.76544212164265,17.992868368388315,6.7613,6.7613,103803.49,2,1.000014790273916
211,DKK=,2023-12-22T13:55:53,DKK=,0006852116,2023-12-01,2023-12-22,Forward,USD,103803.49,DKK,700000.0,S,USD/DKK,ALBA_TANKERS,0D,6.743511224911609,Buy,6.76544212164265,17.992868368388315,6.7604,6.7604,103803.49,5,0.999881677808673
212,DKK=,2023-12-22T13:56:03,DKK=,0006852116,2023-12-01,2023-12-22,Forward,USD,103803.49,DKK,700000.0,S,USD/DKK,ALBA_TANKERS,0D,6.743511224911609,Buy,6.76544212164265,17.992868368388315,6.76,6.76,103803.49,10,0.9998225167130096
213,DKK=,2023-12-22T13:56:23,DKK=,0006852116,2023-12-01,2023-12-22,Forward,USD,103803.49,DKK,700000.0,S,USD/DKK,ALBA_TANKERS,0D,6.743511224911609,Buy,6.76544212164265,17.992868368388315,6.7596,6.7596,103803.49,20,0.9997633556173461
214,DKK=,2023-12-22T13:56:53,DKK=,0006852116,2023-12-01,2023-12-22,Forward,USD,103803.49,DKK,700000.0,S,USD/DKK,ALBA_TANKERS,0D,6.743511224911609,Buy,6.76544212164265,17.992868368388315,6.7605,6.7605,103803.49,30,0.999896468082589
215,DKK=,2023-12-22T13:57:53,DKK=,0006852116,2023-12-01,2023-12-22,Forward,USD,103803.49,DKK,700000.0,S,USD/DKK,ALBA_TANKERS,0D,6.743511224911609,Buy,6.76544212164265,17.992868368388315,6.7616,6.7616,103803.49,60,1.0000591610956635
216,DKK=,2023-12-22T14:01:41,DKK=,0006852124,2023-12-01,2024-05-06,Forward,DKK,1011599.39,USD,150000.0,S,USD/DKK,MUNTHE_PLUS,>3M,6.743995933333333,Sell,6.76498,-463.4410000000066,6.7599,6.7599,150000.0,-2,1.0
217,DKK=,2023-12-22T14:01:42,DKK=,0006852124,2023-12-01,2024-05-06,Forward,DKK,1011599.39,USD,150000.0,S,USD/DKK,MUNTHE_PLUS,>3M,6.743995933333333,Sell,6.76498,-463.4410000000066,6.7599,6.7599,150000.0,1,1.0
218,DKK=,2023-12-22T14:01:43,DKK=,0006852124,2023-12-01,2024-05-06,Forward,DKK,1011599.39,USD,150000.0,S,USD/DKK,MUNTHE_PLUS,>3M,6.743995933333333,Sell,6.76498,-463.4410000000066,6.7599,6.7599,150000.0,0,1.0
219,DKK=,2023-12-22T14:01:44,DKK=,0006852124,2023-12-01,2024-05-06,Forward,DKK,1011599.39,USD,150000.0,S,USD/DKK,MUNTHE_PLUS,>3M,6.743995933333333,Sell,6.76498,-463.4410000000066,6.76,6.76,150000.0,2,1.0000147931182413
220,DKK=,2023-12-22T14:01:49,DKK=,0006852124,2023-12-01,2024-05-06,Forward,DKK,1011599.39,USD,150000.0,S,USD/DKK,MUNTHE_PLUS,>3M,6.743995933333333,Sell,6.76498,-463.4410000000066,6.7599,6.7599,150000.0,5,1.0
221,DKK=,2023-12-22T14:01:59,DKK=,0006852124,2023-12-01,2024-05-06,Forward,DKK,1011599.39,USD,150000.0,S,USD/DKK,MUNTHE_PLUS,>3M,6.743995933333333,Sell,6.76498,-463.4410000000066,6.7601,6.7601,150000.0,10,1.0000295862364827
222,DKK=,2023-12-22T14:02:19,DKK=,0006852124,2023-12-01,2024-05-06,Forward,DKK,1011599.39,USD,150000.0,S,USD/DKK,MUNTHE_PLUS,>3M,6.743995933333333,Sell,6.76498,-463.4410000000066,6.7578,6.7578,150000.0,20,0.9996893445169307
223,DKK=,2023-12-22T14:02:49,DKK=,0006852124,2023-12-01,2024-05-06,Forward,DKK,1011599.39,USD,150000.0,S,USD/DKK,MUNTHE_PLUS,>3M,6.743995933333333,Sell,6.76498,-463.4410000000066,6.7575,6.7575,150000.0,30,0.9996449651622066
224,DKK=,2023-12-22T14:03:49,DKK=,0006852124,2023-12-01,2024-05-06,Forward,DKK,1011599.39,USD,150000.0,S,USD/DKK,MUNTHE_PLUS,>3M,6.743995933333333,Sell,6.76498,-463.4410000000066,6.7573,6.7573,150000.0,60,0.9996153789257237
225,DKK=,2023-12-22T14:07:22,DKK=,0006852128,2023-12-01,2024-05-24,Forward,DKK,110965.77,USD,16489.0,S,USD/DKK,WXM_INVEST,>3M,6.729684638243678,Sell,6.76336,-520.2509999999983,6.7564,6.7564,16489.0,-2,1.0
226,DKK=,2023-12-22T14:07:23,DKK=,0006852128,2023-12-01,2024-05-24,Forward,DKK,110965.77,USD,16489.0,S,USD/DKK,WXM_INVEST,>3M,6.729684638243678,Sell,6.76336,-520.2509999999983,6.7562,6.7562,16489.0,1,0.9999703984370374
227,DKK=,2023-12-22T14:07:24,DKK=,0006852128,2023-12-01,2024-05-24,Forward,DKK,110965.77,USD,16489.0,S,USD/DKK,WXM_INVEST,>3M,6.729684638243678,Sell,6.76336,-520.2509999999983,6.7564,6.7564,16489.0,0,1.0
228,DKK=,2023-12-22T14:07:25,DKK=,0006852128,2023-12-01,2024-05-24,Forward,DKK,110965.77,USD,16489.0,S,USD/DKK,WXM_INVEST,>3M,6.729684638243678,Sell,6.76336,-520.2509999999983,6.7563,6.7563,16489.0,2,0.9999851992185188
229,DKK=,2023-12-22T14:07:30,DKK=,0006852128,2023-12-01,2024-05-24,Forward,DKK,110965.77,USD,16489.0,S,USD/DKK,WXM_INVEST,>3M,6.729684638243678,Sell,6.76336,-520.2509999999983,6.7561,6.7561,16489.0,5,0.9999555976555562
230,DKK=,2023-12-22T14:07:40,DKK=,0006852128,2023-12-01,2024-05-24,Forward,DKK,110965.77,USD,16489.0,S,USD/DKK,WXM_INVEST,>3M,6.729684638243678,Sell,6.76336,-520.2509999999983,6.7552,6.7552,16489.0,10,0.9998223906222249
231,DKK=,2023-12-22T14:08:00,DKK=,0006852128,2023-12-01,2024-05-24,Forward,DKK,110965.77,USD,16489.0,S,USD/DKK,WXM_INVEST,>3M,6.729684638243678,Sell,6.76336,-520.2509999999983,6.7548,6.7548,16489.0,20,0.9997631874962998
232,DKK=,2023-12-22T14:08:30,DKK=,0006852128,2023-12-01,2024-05-24,Forward,DKK,110965.77,USD,16489.0,S,USD/DKK,WXM_INVEST,>3M,6.729684638243678,Sell,6.76336,-520.2509999999983,6.7531,6.7531,16489.0,30,0.9995115742111182
233,DKK=,2023-12-22T14:09:30,DKK=,0006852128,2023-12-01,2024-05-24,Forward,DKK,110965.77,USD,16489.0,S,USD/DKK,WXM_INVEST,>3M,6.729684638243678,Sell,6.76336,-520.2509999999983,6.7544,6.7544,16489.0,60,0.9997039843703748
234,DKK=,2023-12-22T15:08:10,DKK=,0006852182,2023-12-01,2023-12-22,Forward,USD,355000.0,DKK,2398553.95,P,USD/DKK,SPSJ,0D,6.75649,Buy,6.7545,22.000000000002018,6.7548,6.7548,355000.0,-2,1.0
235,DKK=,2023-12-22T15:08:11,DKK=,0006852182,2023-12-01,2023-12-22,Forward,USD,355000.0,DKK,2398553.95,P,USD/DKK,SPSJ,0D,6.75649,Buy,6.7545,22.000000000002018,6.7548,6.7548,355000.0,1,1.0
236,DKK=,2023-12-22T15:08:12,DKK=,0006852182,2023-12-01,2023-12-22,Forward,USD,355000.0,DKK,2398553.95,P,USD/DKK,SPSJ,0D,6.75649,Buy,6.7545,22.000000000002018,6.7548,6.7548,355000.0,0,1.0
237,DKK=,2023-12-22T15:08:13,DKK=,0006852182,2023-12-01,2023-12-22,Forward,USD,355000.0,DKK,2398553.95,P,USD/DKK,SPSJ,0D,6.75649,Buy,6.7545,22.000000000002018,6.7549,6.7549,355000.0,2,1.0000148042873216
238,DKK=,2023-12-22T15:08:18,DKK=,0006852182,2023-12-01,2023-12-22,Forward,USD,355000.0,DKK,2398553.95,P,USD/DKK,SPSJ,0D,6.75649,Buy,6.7545,22.000000000002018,6.7549,6.7549,355000.0,5,1.0000148042873216
239,DKK=,2023-12-22T15:08:28,DKK=,0006852182,2023-12-01,2023-12-22,Forward,USD,355000.0,DKK,2398553.95,P,USD/DKK,SPSJ,0D,6.75649,Buy,6.7545,22.000000000002018,6.7552,6.7552,355000.0,10,1.0000592171492864
240,DKK=,2023-12-22T15:08:48,DKK=,0006852182,2023-12-01,2023-12-22,Forward,USD,355000.0,DKK,2398553.95,P,USD/DKK,SPSJ,0D,6.75649,Buy,6.7545,22.000000000002018,6.7559,6.7559,355000.0,20,1.0001628471605375
241,DKK=,2023-12-22T15:09:18,DKK=,0006852182,2023-12-01,2023-12-22,Forward,USD,355000.0,DKK,2398553.95,P,USD/DKK,SPSJ,0D,6.75649,Buy,6.7545,22.000000000002018,6.7553,6.7553,355000.0,30,1.000074021436608
242,DKK=,2023-12-22T15:10:18,DKK=,0006852182,2023-12-01,2023-12-22,Forward,USD,355000.0,DKK,2398553.95,P,USD/DKK,SPSJ,0D,6.75649,Buy,6.7545,22.000000000002018,6.7552,6.7552,355000.0,60,1.0000592171492864
243,DKK=,2023-12-22T15:52:27,DKK=,0006852267,2023-12-01,2024-03-05,Forward,DKK,675129.3,USD,100000.0,S,USD/DKK,MEDICSPORT,3M,6.751293,Sell,6.75365,-244.27000000000197,6.7697,6.7697,100000.0,-2,1.0000147719215315
244,DKK=,2023-12-22T15:52:28,DKK=,0006852267,2023-12-01,2024-03-05,Forward,DKK,675129.3,USD,100000.0,S,USD/DKK,MEDICSPORT,3M,6.751293,Sell,6.75365,-244.27000000000197,6.7696,6.7696,100000.0,1,1.0
245,DKK=,2023-12-22T15:52:29,DKK=,0006852267,2023-12-01,2024-03-05,Forward,DKK,675129.3,USD,100000.0,S,USD/DKK,MEDICSPORT,3M,6.751293,Sell,6.75365,-244.27000000000197,6.7696,6.7696,100000.0,0,1.0
246,DKK=,2023-12-22T15:52:30,DKK=,0006852267,2023-12-01,2024-03-05,Forward,DKK,675129.3,USD,100000.0,S,USD/DKK,MEDICSPORT,3M,6.751293,Sell,6.75365,-244.27000000000197,6.7694,6.7694,100000.0,2,0.9999704561569369
247,DKK=,2023-12-22T15:52:35,DKK=,0006852267,2023-12-01,2024-03-05,Forward,DKK,675129.3,USD,100000.0,S,USD/DKK,MEDICSPORT,3M,6.751293,Sell,6.75365,-244.27000000000197,6.7697,6.7697,100000.0,5,1.0000147719215315
248,DKK=,2023-12-22T15:52:45,DKK=,0006852267,2023-12-01,2024-03-05,Forward,DKK,675129.3,USD,100000.0,S,USD/DKK,MEDICSPORT,3M,6.751293,Sell,6.75365,-244.27000000000197,6.7695,6.7695,100000.0,10,0.9999852280784685
249,DKK=,2023-12-22T15:53:05,DKK=,0006852267,2023-12-01,2024-03-05,Forward,DKK,675129.3,USD,100000.0,S,USD/DKK,MEDICSPORT,3M,6.751293,Sell,6.75365,-244.27000000000197,6.7694,6.7694,100000.0,20,0.9999704561569369
250,DKK=,2023-12-22T15:53:35,DKK=,0006852267,2023-12-01,2024-03-05,Forward,DKK,675129.3,USD,100000.0,S,USD/DKK,MEDICSPORT,3M,6.751293,Sell,6.75365,-244.27000000000197,6.7687,6.7687,100000.0,30,0.9998670527062161
251,DKK=,2023-12-22T15:54:35,DKK=,0006852267,2023-12-01,2024-03-05,Forward,DKK,675129.3,USD,100000.0,S,USD/DKK,MEDICSPORT,3M,6.751293,Sell,6.75365,-244.27000000000197,6.7695,6.7695,100000.0,60,0.9999852280784685
252,EUR=,2023-12-22T08:20:54,EUR=,0006851806,2023-12-01,2023-12-27,Forward,USD,88287.69,EUR,80000.0,S,EUR/USD,ALBA_TANKERS,<1W,1.103596125,Sell,1.09979,-0.4390000000009664,1.1005,1.1005,88287.69,-2,1.0
253,EUR=,2023-12-22T08:20:55,EUR=,0006851806,2023-12-01,2023-12-27,Forward,USD,88287.69,EUR,80000.0,S,EUR/USD,ALBA_TANKERS,<1W,1.103596125,Sell,1.09979,-0.4390000000009664,1.1005,1.1005,88287.69,1,1.0
254,EUR=,2023-12-22T08:20:56,EUR=,0006851806,2023-12-01,2023-12-27,Forward,USD,88287.69,EUR,80000.0,S,EUR/USD,ALBA_TANKERS,<1W,1.103596125,Sell,1.09979,-0.4390000000009664,1.1005,1.1005,88287.69,0,1.0
255,EUR=,2023-12-22T08:20:57,EUR=,0006851806,2023-12-01,2023-12-27,Forward,USD,88287.69,EUR,80000.0,S,EUR/USD,ALBA_TANKERS,<1W,1.103596125,Sell,1.09979,-0.4390000000009664,1.1005,1.1005,88287.69,2,1.0
256,EUR=,2023-12-22T08:21:02,EUR=,0006851806,2023-12-01,2023-12-27,Forward,USD,88287.69,EUR,80000.0,S,EUR/USD,ALBA_TANKERS,<1W,1.103596125,Sell,1.09979,-0.4390000000009664,1.1005,1.1005,88287.69,5,1.0
257,EUR=,2023-12-22T08:21:12,EUR=,0006851806,2023-12-01,2023-12-27,Forward,USD,88287.69,EUR,80000.0,S,EUR/USD,ALBA_TANKERS,<1W,1.103596125,Sell,1.09979,-0.4390000000009664,1.1006,1.1006,88287.69,10,1.0000908677873694
258,EUR=,2023-12-22T08:21:32,EUR=,0006851806,2023-12-01,2023-12-27,Forward,USD,88287.69,EUR,80000.0,S,EUR/USD,ALBA_TANKERS,<1W,1.103596125,Sell,1.09979,-0.4390000000009664,1.1007,1.1007,88287.69,20,1.0001817355747387
259,EUR=,2023-12-22T08:22:02,EUR=,0006851806,2023-12-01,2023-12-27,Forward,USD,88287.69,EUR,80000.0,S,EUR/USD,ALBA_TANKERS,<1W,1.103596125,Sell,1.09979,-0.4390000000009664,1.1008,1.1008,88287.69,30,1.000272603362108
260,EUR=,2023-12-22T08:23:02,EUR=,0006851806,2023-12-01,2023-12-27,Forward,USD,88287.69,EUR,80000.0,S,EUR/USD,ALBA_TANKERS,<1W,1.103596125,Sell,1.09979,-0.4390000000009664,1.1004,1.1004,88287.69,60,0.9999091322126307
261,EUR=,2023-12-22T09:12:16,EUR=,0006851844,2023-12-01,2024-01-10,Forward,EUR,88244.5,USD,97000.0,S,EUR/USD,CONSCIA,3W,1.0992186481877058,Buy,1.10084,7.686000000000082,1.1006,1.1006,97000.0,-2,1.0
262,EUR=,2023-12-22T09:12:17,EUR=,0006851844,2023-12-01,2024-01-10,Forward,EUR,88244.5,USD,97000.0,S,EUR/USD,CONSCIA,3W,1.0992186481877058,Buy,1.10084,7.686000000000082,1.1006,1.1006,97000.0,1,1.0
263,EUR=,2023-12-22T09:12:18,EUR=,0006851844,2023-12-01,2024-01-10,Forward,EUR,88244.5,USD,97000.0,S,EUR/USD,CONSCIA,3W,1.0992186481877058,Buy,1.10084,7.686000000000082,1.1006,1.1006,97000.0,0,1.0
264,EUR=,2023-12-22T09:12:19,EUR=,0006851844,2023-12-01,2024-01-10,Forward,EUR,88244.5,USD,97000.0,S,EUR/USD,CONSCIA,3W,1.0992186481877058,Buy,1.10084,7.686000000000082,1.1006,1.1006,97000.0,2,1.0
265,EUR=,2023-12-22T09:12:24,EUR=,0006851844,2023-12-01,2024-01-10,Forward,EUR,88244.5,USD,97000.0,S,EUR/USD,CONSCIA,3W,1.0992186481877058,Buy,1.10084,7.686000000000082,1.1006,1.1006,97000.0,5,1.0
266,EUR=,2023-12-22T09:12:34,EUR=,0006851844,2023-12-01,2024-01-10,Forward,EUR,88244.5,USD,97000.0,S,EUR/USD,CONSCIA,3W,1.0992186481877058,Buy,1.10084,7.686000000000082,1.1006,1.1006,97000.0,10,1.0
267,EUR=,2023-12-22T09:12:54,EUR=,0006851844,2023-12-01,2024-01-10,Forward,EUR,88244.5,USD,97000.0,S,EUR/USD,CONSCIA,3W,1.0992186481877058,Buy,1.10084,7.686000000000082,1.1008,1.1008,97000.0,20,1.0001817190623297
268,EUR=,2023-12-22T09:13:24,EUR=,0006851844,2023-12-01,2024-01-10,Forward,EUR,88244.5,USD,97000.0,S,EUR/USD,CONSCIA,3W,1.0992186481877058,Buy,1.10084,7.686000000000082,1.1007,1.1007,97000.0,30,1.0000908595311648
269,EUR=,2023-12-22T09:13:57,EUR=,0006851846,2023-12-01,2024-02-14,Forward,EUR,885983.47,USD,975000.0,S,EUR/USD,CONSCIA,2M,1.100471998648011,Buy,1.10067,23.320000000000007,1.1006,1.1006,975000.0,-2,1.0
270,EUR=,2023-12-22T09:13:58,EUR=,0006851846,2023-12-01,2024-02-14,Forward,EUR,885983.47,USD,975000.0,S,EUR/USD,CONSCIA,2M,1.100471998648011,Buy,1.10067,23.320000000000007,1.1006,1.1006,975000.0,1,1.0
271,EUR=,2023-12-22T09:13:59,EUR=,0006851846,2023-12-01,2024-02-14,Forward,EUR,885983.47,USD,975000.0,S,EUR/USD,CONSCIA,2M,1.100471998648011,Buy,1.10067,23.320000000000007,1.1006,1.1006,975000.0,0,1.0
272,EUR=,2023-12-22T09:14:00,EUR=,0006851846,2023-12-01,2024-02-14,Forward,EUR,885983.47,USD,975000.0,S,EUR/USD,CONSCIA,2M,1.100471998648011,Buy,1.10067,23.320000000000007,1.1008,1.1008,975000.0,2,1.0001817190623297
273,EUR=,2023-12-22T09:14:05,EUR=,0006851846,2023-12-01,2024-02-14,Forward,EUR,885983.47,USD,975000.0,S,EUR/USD,CONSCIA,2M,1.100471998648011,Buy,1.10067,23.320000000000007,1.1007,1.1007,975000.0,5,1.0000908595311648
274,EUR=,2023-12-22T09:14:15,EUR=,0006851846,2023-12-01,2024-02-14,Forward,EUR,885983.47,USD,975000.0,S,EUR/USD,CONSCIA,2M,1.100471998648011,Buy,1.10067,23.320000000000007,1.1008,1.1008,975000.0,10,1.0001817190623297
275,EUR=,2023-12-22T09:14:24,EUR=,0006851844,2023-12-01,2024-01-10,Forward,EUR,88244.5,USD,97000.0,S,EUR/USD,CONSCIA,3W,1.0992186481877058,Buy,1.10084,7.686000000000082,1.1007,1.1007,97000.0,60,1.0000908595311648
276,EUR=,2023-12-22T09:14:35,EUR=,0006851846,2023-12-01,2024-02-14,Forward,EUR,885983.47,USD,975000.0,S,EUR/USD,CONSCIA,2M,1.100471998648011,Buy,1.10067,23.320000000000007,1.1007,1.1007,975000.0,20,1.0000908595311648
277,EUR=,2023-12-22T09:15:05,EUR=,0006851846,2023-12-01,2024-02-14,Forward,EUR,885983.47,USD,975000.0,S,EUR/USD,CONSCIA,2M,1.100471998648011,Buy,1.10067,23.320000000000007,1.1007,1.1007,975000.0,30,1.0000908595311648
278,EUR=,2023-12-22T09:16:05,EUR=,0006851846,2023-12-01,2024-02-14,Forward,EUR,885983.47,USD,975000.0,S,EUR/USD,CONSCIA,2M,1.100471998648011,Buy,1.10067,23.320000000000007,1.1008,1.1008,975000.0,60,1.0001817190623297
279,EUR=,2023-12-22T10:43:00,EUR=,0006851929,2023-12-01,2023-12-22,Forward,EUR,25000.0,USD,27468.4,P,EUR/USD,DANTAX_AS,0D,1.0987360000000002,Buy,1.10093,-2.64000000000042,1.1016,1.1016,27468.4,-2,0.9999092311881638
280,EUR=,2023-12-22T10:43:01,EUR=,0006851929,2023-12-01,2023-12-22,Forward,EUR,25000.0,USD,27468.4,P,EUR/USD,DANTAX_AS,0D,1.0987360000000002,Buy,1.10093,-2.64000000000042,1.1015,1.1015,27468.4,1,0.9998184623763275
281,EUR=,2023-12-22T10:43:02,EUR=,0006851929,2023-12-01,2023-12-22,Forward,EUR,25000.0,USD,27468.4,P,EUR/USD,DANTAX_AS,0D,1.0987360000000002,Buy,1.10093,-2.64000000000042,1.1017,1.1017,27468.4,0,1.0
282,EUR=,2023-12-22T10:43:03,EUR=,0006851929,2023-12-01,2023-12-22,Forward,EUR,25000.0,USD,27468.4,P,EUR/USD,DANTAX_AS,0D,1.0987360000000002,Buy,1.10093,-2.64000000000042,1.1016,1.1016,27468.4,2,0.9999092311881638
283,EUR=,2023-12-22T10:43:08,EUR=,0006851929,2023-12-01,2023-12-22,Forward,EUR,25000.0,USD,27468.4,P,EUR/USD,DANTAX_AS,0D,1.0987360000000002,Buy,1.10093,-2.64000000000042,1.1016,1.1016,27468.4,5,0.9999092311881638
284,EUR=,2023-12-22T10:43:18,EUR=,0006851929,2023-12-01,2023-12-22,Forward,EUR,25000.0,USD,27468.4,P,EUR/USD,DANTAX_AS,0D,1.0987360000000002,Buy,1.10093,-2.64000000000042,1.1016,1.1016,27468.4,10,0.9999092311881638
285,EUR=,2023-12-22T10:43:38,EUR=,0006851929,2023-12-01,2023-12-22,Forward,EUR,25000.0,USD,27468.4,P,EUR/USD,DANTAX_AS,0D,1.0987360000000002,Buy,1.10093,-2.64000000000042,1.1016,1.1016,27468.4,20,0.9999092311881638
286,EUR=,2023-12-22T10:44:08,EUR=,0006851929,2023-12-01,2023-12-22,Forward,EUR,25000.0,USD,27468.4,P,EUR/USD,DANTAX_AS,0D,1.0987360000000002,Buy,1.10093,-2.64000000000042,1.1016,1.1016,27468.4,30,0.9999092311881638
287,EUR=,2023-12-22T10:45:08,EUR=,0006851929,2023-12-01,2023-12-22,Forward,EUR,25000.0,USD,27468.4,P,EUR/USD,DANTAX_AS,0D,1.0987360000000002,Buy,1.10093,-2.64000000000042,1.1018,1.1018,27468.4,60,1.0000907688118363
288,EUR=,2023-12-22T11:14:55,EUR=,0006851958,2023-12-01,2023-12-22,Forward,EUR,15472.04,USD,17000.0,S,EUR/USD,JEKA_FISH,0D,1.098756207972575,Buy,1.1009457123669233,-2.6647220102460345,1.1022,1.1022,17000.0,-2,1.0
289,EUR=,2023-12-22T11:14:56,EUR=,0006851958,2023-12-01,2023-12-22,Forward,EUR,15472.04,USD,17000.0,S,EUR/USD,JEKA_FISH,0D,1.098756207972575,Buy,1.1009457123669233,-2.6647220102460345,1.1022,1.1022,17000.0,1,1.0
290,EUR=,2023-12-22T11:14:57,EUR=,0006851958,2023-12-01,2023-12-22,Forward,EUR,15472.04,USD,17000.0,S,EUR/USD,JEKA_FISH,0D,1.098756207972575,Buy,1.1009457123669233,-2.6647220102460345,1.1022,1.1022,17000.0,0,1.0
291,EUR=,2023-12-22T11:14:58,EUR=,0006851958,2023-12-01,2023-12-22,Forward,EUR,15472.04,USD,17000.0,S,EUR/USD,JEKA_FISH,0D,1.098756207972575,Buy,1.1009457123669233,-2.6647220102460345,1.1023,1.1023,17000.0,2,1.0000907276356379
292,EUR=,2023-12-22T11:15:03,EUR=,0006851958,2023-12-01,2023-12-22,Forward,EUR,15472.04,USD,17000.0,S,EUR/USD,JEKA_FISH,0D,1.098756207972575,Buy,1.1009457123669233,-2.6647220102460345,1.1023,1.1023,17000.0,5,1.0000907276356379
293,EUR=,2023-12-22T11:15:13,EUR=,0006851958,2023-12-01,2023-12-22,Forward,EUR,15472.04,USD,17000.0,S,EUR/USD,JEKA_FISH,0D,1.098756207972575,Buy,1.1009457123669233,-2.6647220102460345,1.1022,1.1022,17000.0,10,1.0
294,EUR=,2023-12-22T11:15:33,EUR=,0006851958,2023-12-01,2023-12-22,Forward,EUR,15472.04,USD,17000.0,S,EUR/USD,JEKA_FISH,0D,1.098756207972575,Buy,1.1009457123669233,-2.6647220102460345,1.1022,1.1022,17000.0,20,1.0
295,EUR=,2023-12-22T11:16:03,EUR=,0006851958,2023-12-01,2023-12-22,Forward,EUR,15472.04,USD,17000.0,S,EUR/USD,JEKA_FISH,0D,1.098756207972575,Buy,1.1009457123669233,-2.6647220102460345,1.1022,1.1022,17000.0,30,1.0
296,EUR=,2023-12-22T11:17:03,EUR=,0006851958,2023-12-01,2023-12-22,Forward,EUR,15472.04,USD,17000.0,S,EUR/USD,JEKA_FISH,0D,1.098756207972575,Buy,1.1009457123669233,-2.6647220102460345,1.1021,1.1021,17000.0,60,0.9999092723643622
297,EUR=,2023-12-22T11:38:08,EUR=,0006851989,2023-12-01,2023-12-27,Forward,USD,59714.1,EUR,54000.0,S,EUR/USD,ALBA_TANKERS,<1W,1.1058166666666667,Sell,1.102,-0.4340000000002675,1.1027,1.1027,59714.1,-2,0.9999093217265144
298,EUR=,2023-12-22T11:38:09,EUR=,0006851989,2023-12-01,2023-12-27,Forward,USD,59714.1,EUR,54000.0,S,EUR/USD,ALBA_TANKERS,<1W,1.1058166666666667,Sell,1.102,-0.4340000000002675,1.1027,1.1027,59714.1,1,0.9999093217265144
299,EUR=,2023-12-22T11:38:10,EUR=,0006851989,2023-12-01,2023-12-27,Forward,USD,59714.1,EUR,54000.0,S,EUR/USD,ALBA_TANKERS,<1W,1.1058166666666667,Sell,1.102,-0.4340000000002675,1.1028,1.1028,59714.1,0,1.0
300,EUR=,2023-12-22T11:38:11,EUR=,0006851989,2023-12-01,2023-12-27,Forward,USD,59714.1,EUR,54000.0,S,EUR/USD,ALBA_TANKERS,<1W,1.1058166666666667,Sell,1.102,-0.4340000000002675,1.1028,1.1028,59714.1,2,1.0
301,EUR=,2023-12-22T11:38:16,EUR=,0006851989,2023-12-01,2023-12-27,Forward,USD,59714.1,EUR,54000.0,S,EUR/USD,ALBA_TANKERS,<1W,1.1058166666666667,Sell,1.102,-0.4340000000002675,1.1027,1.1027,59714.1,5,0.9999093217265144
302,EUR=,2023-12-22T11:38:26,EUR=,0006851989,2023-12-01,2023-12-27,Forward,USD,59714.1,EUR,54000.0,S,EUR/USD,ALBA_TANKERS,<1W,1.1058166666666667,Sell,1.102,-0.4340000000002675,1.1027,1.1027,59714.1,10,0.9999093217265144
303,EUR=,2023-12-22T11:38:46,EUR=,0006851989,2023-12-01,2023-12-27,Forward,USD,59714.1,EUR,54000.0,S,EUR/USD,ALBA_TANKERS,<1W,1.1058166666666667,Sell,1.102,-0.4340000000002675,1.1027,1.1027,59714.1,20,0.9999093217265144
304,EUR=,2023-12-22T11:39:16,EUR=,0006851989,2023-12-01,2023-12-27,Forward,USD,59714.1,EUR,54000.0,S,EUR/USD,ALBA_TANKERS,<1W,1.1058166666666667,Sell,1.102,-0.4340000000002675,1.1026,1.1026,59714.1,30,0.9998186434530286
305,EUR=,2023-12-22T11:40:16,EUR=,0006851989,2023-12-01,2023-12-27,Forward,USD,59714.1,EUR,54000.0,S,EUR/USD,ALBA_TANKERS,<1W,1.1058166666666667,Sell,1.102,-0.4340000000002675,1.1027,1.1027,59714.1,60,0.9999093217265144
306,EUR=,2023-12-22T11:51:30,EUR=,0006852006,2023-12-01,2023-12-22,Forward,EUR,37137.04,USD,40800.0,S,EUR/USD,KREAFUNK_APS,0D,1.0986336013855709,Buy,1.10176,-2.5650000000010387,1.1023,1.1023,40800.0,-2,1.0
307,EUR=,2023-12-22T11:51:31,EUR=,0006852006,2023-12-01,2023-12-22,Forward,EUR,37137.04,USD,40800.0,S,EUR/USD,KREAFUNK_APS,0D,1.0986336013855709,Buy,1.10176,-2.5650000000010387,1.1023,1.1023,40800.0,1,1.0
308,EUR=,2023-12-22T11:51:32,EUR=,0006852006,2023-12-01,2023-12-22,Forward,EUR,37137.04,USD,40800.0,S,EUR/USD,KREAFUNK_APS,0D,1.0986336013855709,Buy,1.10176,-2.5650000000010387,1.1023,1.1023,40800.0,0,1.0
309,EUR=,2023-12-22T11:51:33,EUR=,0006852006,2023-12-01,2023-12-22,Forward,EUR,37137.04,USD,40800.0,S,EUR/USD,KREAFUNK_APS,0D,1.0986336013855709,Buy,1.10176,-2.5650000000010387,1.1023,1.1023,40800.0,2,1.0
310,EUR=,2023-12-22T11:51:38,EUR=,0006852006,2023-12-01,2023-12-22,Forward,EUR,37137.04,USD,40800.0,S,EUR/USD,KREAFUNK_APS,0D,1.0986336013855709,Buy,1.10176,-2.5650000000010387,1.1023,1.1023,40800.0,5,1.0
311,EUR=,2023-12-22T11:51:48,EUR=,0006852006,2023-12-01,2023-12-22,Forward,EUR,37137.04,USD,40800.0,S,EUR/USD,KREAFUNK_APS,0D,1.0986336013855709,Buy,1.10176,-2.5650000000010387,1.1023,1.1023,40800.0,10,1.0
312,EUR=,2023-12-22T11:52:08,EUR=,0006852006,2023-12-01,2023-12-22,Forward,EUR,37137.04,USD,40800.0,S,EUR/USD,KREAFUNK_APS,0D,1.0986336013855709,Buy,1.10176,-2.5650000000010387,1.1023,1.1023,40800.0,20,1.0
313,EUR=,2023-12-22T11:52:38,EUR=,0006852006,2023-12-01,2023-12-22,Forward,EUR,37137.04,USD,40800.0,S,EUR/USD,KREAFUNK_APS,0D,1.0986336013855709,Buy,1.10176,-2.5650000000010387,1.1023,1.1023,40800.0,30,1.0
314,EUR=,2023-12-22T11:53:38,EUR=,0006852006,2023-12-01,2023-12-22,Forward,EUR,37137.04,USD,40800.0,S,EUR/USD,KREAFUNK_APS,0D,1.0986336013855709,Buy,1.10176,-2.5650000000010387,1.1023,1.1023,40800.0,60,1.0
315,EUR=,2023-12-22T12:17:49,EUR=,0006852020,2023-12-01,2023-12-27,Forward,USD,77428.06,EUR,70000.0,S,EUR/USD,ALBA_TANKERS,<1W,1.1061151428571427,Sell,1.1023,-0.44799999999955986,1.1025,1.1025,77428.06,-2,1.0
316,EUR=,2023-12-22T12:17:50,EUR=,0006852020,2023-12-01,2023-12-27,Forward,USD,77428.06,EUR,70000.0,S,EUR/USD,ALBA_TANKERS,<1W,1.1061151428571427,Sell,1.1023,-0.44799999999955986,1.1025,1.1025,77428.06,1,1.0
317,EUR=,2023-12-22T12:17:51,EUR=,0006852020,2023-12-01,2023-12-27,Forward,USD,77428.06,EUR,70000.0,S,EUR/USD,ALBA_TANKERS,<1W,1.1061151428571427,Sell,1.1023,-0.44799999999955986,1.1025,1.1025,77428.06,0,1.0
318,EUR=,2023-12-22T12:17:52,EUR=,0006852020,2023-12-01,2023-12-27,Forward,USD,77428.06,EUR,70000.0,S,EUR/USD,ALBA_TANKERS,<1W,1.1061151428571427,Sell,1.1023,-0.44799999999955986,1.1025,1.1025,77428.06,2,1.0
319,EUR=,2023-12-22T12:17:57,EUR=,0006852020,2023-12-01,2023-12-27,Forward,USD,77428.06,EUR,70000.0,S,EUR/USD,ALBA_TANKERS,<1W,1.1061151428571427,Sell,1.1023,-0.44799999999955986,1.1027,1.1027,77428.06,5,1.0001814058956915
320,EUR=,2023-12-22T12:18:07,EUR=,0006852020,2023-12-01,2023-12-27,Forward,USD,77428.06,EUR,70000.0,S,EUR/USD,ALBA_TANKERS,<1W,1.1061151428571427,Sell,1.1023,-0.44799999999955986,1.1027,1.1027,77428.06,10,1.0001814058956915
321,EUR=,2023-12-22T12:18:27,EUR=,0006852020,2023-12-01,2023-12-27,Forward,USD,77428.06,EUR,70000.0,S,EUR/USD,ALBA_TANKERS,<1W,1.1061151428571427,Sell,1.1023,-0.44799999999955986,1.1027,1.1027,77428.06,20,1.0001814058956915
322,EUR=,2023-12-22T12:18:57,EUR=,0006852020,2023-12-01,2023-12-27,Forward,USD,77428.06,EUR,70000.0,S,EUR/USD,ALBA_TANKERS,<1W,1.1061151428571427,Sell,1.1023,-0.44799999999955986,1.1025,1.1025,77428.06,30,1.0
323,EUR=,2023-12-22T12:19:57,EUR=,0006852020,2023-12-01,2023-12-27,Forward,USD,77428.06,EUR,70000.0,S,EUR/USD,ALBA_TANKERS,<1W,1.1061151428571427,Sell,1.1023,-0.44799999999955986,1.1026,1.1026,77428.06,60,1.0000907029478459
324,EUR=,2023-12-22T12:47:44,EUR=,0006852049,2023-12-01,2023-12-22,Forward,EUR,272.84,USD,300.0,S,EUR/USD,KREAFUNK_APS,0D,1.099545521184577,Buy,1.10266,-2.564000000000455,1.1022,1.1022,300.0,-2,1.0
325,EUR=,2023-12-22T12:47:45,EUR=,0006852049,2023-12-01,2023-12-22,Forward,EUR,272.84,USD,300.0,S,EUR/USD,KREAFUNK_APS,0D,1.099545521184577,Buy,1.10266,-2.564000000000455,1.1022,1.1022,300.0,1,1.0
326,EUR=,2023-12-22T12:47:46,EUR=,0006852049,2023-12-01,2023-12-22,Forward,EUR,272.84,USD,300.0,S,EUR/USD,KREAFUNK_APS,0D,1.099545521184577,Buy,1.10266,-2.564000000000455,1.1022,1.1022,300.0,0,1.0
327,EUR=,2023-12-22T12:47:47,EUR=,0006852049,2023-12-01,2023-12-22,Forward,EUR,272.84,USD,300.0,S,EUR/USD,KREAFUNK_APS,0D,1.099545521184577,Buy,1.10266,-2.564000000000455,1.1022,1.1022,300.0,2,1.0
328,EUR=,2023-12-22T12:47:52,EUR=,0006852049,2023-12-01,2023-12-22,Forward,EUR,272.84,USD,300.0,S,EUR/USD,KREAFUNK_APS,0D,1.099545521184577,Buy,1.10266,-2.564000000000455,1.1022,1.1022,300.0,5,1.0
329,EUR=,2023-12-22T12:48:02,EUR=,0006852049,2023-12-01,2023-12-22,Forward,EUR,272.84,USD,300.0,S,EUR/USD,KREAFUNK_APS,0D,1.099545521184577,Buy,1.10266,-2.564000000000455,1.1021,1.1021,300.0,10,0.9999092723643622
330,EUR=,2023-12-22T12:48:22,EUR=,0006852049,2023-12-01,2023-12-22,Forward,EUR,272.84,USD,300.0,S,EUR/USD,KREAFUNK_APS,0D,1.099545521184577,Buy,1.10266,-2.564000000000455,1.1021,1.1021,300.0,20,0.9999092723643622
331,EUR=,2023-12-22T12:48:52,EUR=,0006852049,2023-12-01,2023-12-22,Forward,EUR,272.84,USD,300.0,S,EUR/USD,KREAFUNK_APS,0D,1.099545521184577,Buy,1.10266,-2.564000000000455,1.1021,1.1021,300.0,30,0.9999092723643622
332,EUR=,2023-12-22T12:49:52,EUR=,0006852049,2023-12-01,2023-12-22,Forward,EUR,272.84,USD,300.0,S,EUR/USD,KREAFUNK_APS,0D,1.099545521184577,Buy,1.10266,-2.564000000000455,1.1021,1.1021,300.0,60,0.9999092723643622
333,EUR=,2023-12-22T13:01:21,EUR=,0006852063,2023-12-01,2023-12-22,Forward,USD,22126.34,EUR,20000.0,S,EUR/USD,ALBA_TANKERS,0D,1.106317,Sell,1.1027,-2.428000000000985,1.1019,1.1019,22126.34,-2,1.0
334,EUR=,2023-12-22T13:01:22,EUR=,0006852063,2023-12-01,2023-12-22,Forward,USD,22126.34,EUR,20000.0,S,EUR/USD,ALBA_TANKERS,0D,1.106317,Sell,1.1027,-2.428000000000985,1.1019,1.1019,22126.34,1,1.0
335,EUR=,2023-12-22T13:01:23,EUR=,0006852063,2023-12-01,2023-12-22,Forward,USD,22126.34,EUR,20000.0,S,EUR/USD,ALBA_TANKERS,0D,1.106317,Sell,1.1027,-2.428000000000985,1.1019,1.1019,22126.34,0,1.0
336,EUR=,2023-12-22T13:01:24,EUR=,0006852063,2023-12-01,2023-12-22,Forward,USD,22126.34,EUR,20000.0,S,EUR/USD,ALBA_TANKERS,0D,1.106317,Sell,1.1027,-2.428000000000985,1.1019,1.1019,22126.34,2,1.0
337,EUR=,2023-12-22T13:01:29,EUR=,0006852063,2023-12-01,2023-12-22,Forward,USD,22126.34,EUR,20000.0,S,EUR/USD,ALBA_TANKERS,0D,1.106317,Sell,1.1027,-2.428000000000985,1.1019,1.1019,22126.34,5,1.0
338,EUR=,2023-12-22T13:01:39,EUR=,0006852063,2023-12-01,2023-12-22,Forward,USD,22126.34,EUR,20000.0,S,EUR/USD,ALBA_TANKERS,0D,1.106317,Sell,1.1027,-2.428000000000985,1.1019,1.1019,22126.34,10,1.0
339,EUR=,2023-12-22T13:01:51,EUR=,0006852064,2023-12-01,2023-12-27,Forward,USD,110657.54,EUR,100000.0,S,EUR/USD,ALBA_TANKERS,<1W,1.1065753999999999,Sell,1.10276,-0.4460000000006126,1.1019,1.1019,110657.54,-2,1.0
340,EUR=,2023-12-22T13:01:52,EUR=,0006852064,2023-12-01,2023-12-27,Forward,USD,110657.54,EUR,100000.0,S,EUR/USD,ALBA_TANKERS,<1W,1.1065753999999999,Sell,1.10276,-0.4460000000006126,1.1019,1.1019,110657.54,1,1.0
341,EUR=,2023-12-22T13:01:53,EUR=,0006852064,2023-12-01,2023-12-27,Forward,USD,110657.54,EUR,100000.0,S,EUR/USD,ALBA_TANKERS,<1W,1.1065753999999999,Sell,1.10276,-0.4460000000006126,1.1019,1.1019,110657.54,0,1.0
342,EUR=,2023-12-22T13:01:54,EUR=,0006852064,2023-12-01,2023-12-27,Forward,USD,110657.54,EUR,100000.0,S,EUR/USD,ALBA_TANKERS,<1W,1.1065753999999999,Sell,1.10276,-0.4460000000006126,1.1019,1.1019,110657.54,2,1.0
343,EUR=,2023-12-22T13:01:59,EUR=,0006852063,2023-12-01,2023-12-22,Forward,USD,22126.34,EUR,20000.0,S,EUR/USD,ALBA_TANKERS,0D,1.106317,Sell,1.1027,-2.428000000000985,1.1019,1.1019,22126.34,20,1.0
344,EUR=,2023-12-22T13:01:59,EUR=,0006852064,2023-12-01,2023-12-27,Forward,USD,110657.54,EUR,100000.0,S,EUR/USD,ALBA_TANKERS,<1W,1.1065753999999999,Sell,1.10276,-0.4460000000006126,1.1019,1.1019,110657.54,5,1.0
345,EUR=,2023-12-22T13:02:09,EUR=,0006852064,2023-12-01,2023-12-27,Forward,USD,110657.54,EUR,100000.0,S,EUR/USD,ALBA_TANKERS,<1W,1.1065753999999999,Sell,1.10276,-0.4460000000006126,1.1019,1.1019,110657.54,10,1.0
346,EUR=,2023-12-22T13:02:29,EUR=,0006852063,2023-12-01,2023-12-22,Forward,USD,22126.34,EUR,20000.0,S,EUR/USD,ALBA_TANKERS,0D,1.106317,Sell,1.1027,-2.428000000000985,1.102,1.102,22126.34,30,1.0000907523368727
347,EUR=,2023-12-22T13:02:29,EUR=,0006852064,2023-12-01,2023-12-27,Forward,USD,110657.54,EUR,100000.0,S,EUR/USD,ALBA_TANKERS,<1W,1.1065753999999999,Sell,1.10276,-0.4460000000006126,1.102,1.102,110657.54,20,1.0000907523368727
348,EUR=,2023-12-22T13:02:59,EUR=,0006852064,2023-12-01,2023-12-27,Forward,USD,110657.54,EUR,100000.0,S,EUR/USD,ALBA_TANKERS,<1W,1.1065753999999999,Sell,1.10276,-0.4460000000006126,1.1019,1.1019,110657.54,30,1.0
349,EUR=,2023-12-22T13:03:29,EUR=,0006852063,2023-12-01,2023-12-22,Forward,USD,22126.34,EUR,20000.0,S,EUR/USD,ALBA_TANKERS,0D,1.106317,Sell,1.1027,-2.428000000000985,1.1022,1.1022,22126.34,60,1.000272257010618
350,EUR=,2023-12-22T13:03:59,EUR=,0006852064,2023-12-01,2023-12-27,Forward,USD,110657.54,EUR,100000.0,S,EUR/USD,ALBA_TANKERS,<1W,1.1065753999999999,Sell,1.10276,-0.4460000000006126,1.102,1.102,110657.54,60,1.0000907523368727
351,EUR=,2023-12-22T13:57:05,EUR=,0006852118,2023-12-01,2023-12-22,Forward,USD,110535.17,EUR,100000.0,S,EUR/USD,ALBA_TANKERS,0D,1.1053517,Sell,1.10175,-2.583000000000446,1.1026,1.1026,110535.17,-2,1.0
352,EUR=,2023-12-22T13:57:06,EUR=,0006852118,2023-12-01,2023-12-22,Forward,USD,110535.17,EUR,100000.0,S,EUR/USD,ALBA_TANKERS,0D,1.1053517,Sell,1.10175,-2.583000000000446,1.1026,1.1026,110535.17,1,1.0
353,EUR=,2023-12-22T13:57:07,EUR=,0006852118,2023-12-01,2023-12-22,Forward,USD,110535.17,EUR,100000.0,S,EUR/USD,ALBA_TANKERS,0D,1.1053517,Sell,1.10175,-2.583000000000446,1.1026,1.1026,110535.17,0,1.0
354,EUR=,2023-12-22T13:57:08,EUR=,0006852118,2023-12-01,2023-12-22,Forward,USD,110535.17,EUR,100000.0,S,EUR/USD,ALBA_TANKERS,0D,1.1053517,Sell,1.10175,-2.583000000000446,1.1025,1.1025,110535.17,2,0.9999093052784328
355,EUR=,2023-12-22T13:57:13,EUR=,0006852118,2023-12-01,2023-12-22,Forward,USD,110535.17,EUR,100000.0,S,EUR/USD,ALBA_TANKERS,0D,1.1053517,Sell,1.10175,-2.583000000000446,1.1025,1.1025,110535.17,5,0.9999093052784328
356,EUR=,2023-12-22T13:57:23,EUR=,0006852118,2023-12-01,2023-12-22,Forward,USD,110535.17,EUR,100000.0,S,EUR/USD,ALBA_TANKERS,0D,1.1053517,Sell,1.10175,-2.583000000000446,1.1025,1.1025,110535.17,10,0.9999093052784328
357,EUR=,2023-12-22T13:57:43,EUR=,0006852118,2023-12-01,2023-12-22,Forward,USD,110535.17,EUR,100000.0,S,EUR/USD,ALBA_TANKERS,0D,1.1053517,Sell,1.10175,-2.583000000000446,1.1024,1.1024,110535.17,20,0.9998186105568656
358,EUR=,2023-12-22T13:58:13,EUR=,0006852118,2023-12-01,2023-12-22,Forward,USD,110535.17,EUR,100000.0,S,EUR/USD,ALBA_TANKERS,0D,1.1053517,Sell,1.10175,-2.583000000000446,1.1024,1.1024,110535.17,30,0.9998186105568656
359,EUR=,2023-12-22T13:59:13,EUR=,0006852118,2023-12-01,2023-12-22,Forward,USD,110535.17,EUR,100000.0,S,EUR/USD,ALBA_TANKERS,0D,1.1053517,Sell,1.10175,-2.583000000000446,1.1027,1.1027,110535.17,60,1.000090694721567
360,EUR=,2023-12-22T14:00:36,EUR=,0006852123,2023-12-01,2023-12-22,Forward,USD,110554.98,EUR,100000.0,S,EUR/USD,ALBA_TANKERS,0D,1.1055498,Sell,1.1019283746556474,-2.5165573975893807,1.1028,1.1028,110554.98,-2,1.0
361,EUR=,2023-12-22T14:00:37,EUR=,0006852123,2023-12-01,2023-12-22,Forward,USD,110554.98,EUR,100000.0,S,EUR/USD,ALBA_TANKERS,0D,1.1055498,Sell,1.1019283746556474,-2.5165573975893807,1.1028,1.1028,110554.98,1,1.0
362,EUR=,2023-12-22T14:00:38,EUR=,0006852123,2023-12-01,2023-12-22,Forward,USD,110554.98,EUR,100000.0,S,EUR/USD,ALBA_TANKERS,0D,1.1055498,Sell,1.1019283746556474,-2.5165573975893807,1.1028,1.1028,110554.98,0,1.0
363,EUR=,2023-12-22T14:00:39,EUR=,0006852123,2023-12-01,2023-12-22,Forward,USD,110554.98,EUR,100000.0,S,EUR/USD,ALBA_TANKERS,0D,1.1055498,Sell,1.1019283746556474,-2.5165573975893807,1.1027,1.1027,110554.98,2,0.9999093217265144
364,EUR=,2023-12-22T14:00:44,EUR=,0006852123,2023-12-01,2023-12-22,Forward,USD,110554.98,EUR,100000.0,S,EUR/USD,ALBA_TANKERS,0D,1.1055498,Sell,1.1019283746556474,-2.5165573975893807,1.103,1.103,110554.98,5,1.0001813565469713
365,EUR=,2023-12-22T14:00:54,EUR=,0006852123,2023-12-01,2023-12-22,Forward,USD,110554.98,EUR,100000.0,S,EUR/USD,ALBA_TANKERS,0D,1.1055498,Sell,1.1019283746556474,-2.5165573975893807,1.103,1.103,110554.98,10,1.0001813565469713
366,EUR=,2023-12-22T14:01:14,EUR=,0006852123,2023-12-01,2023-12-22,Forward,USD,110554.98,EUR,100000.0,S,EUR/USD,ALBA_TANKERS,0D,1.1055498,Sell,1.1019283746556474,-2.5165573975893807,1.1028,1.1028,110554.98,20,1.0
367,EUR=,2023-12-22T14:01:44,EUR=,0006852123,2023-12-01,2023-12-22,Forward,USD,110554.98,EUR,100000.0,S,EUR/USD,ALBA_TANKERS,0D,1.1055498,Sell,1.1019283746556474,-2.5165573975893807,1.1026,1.1026,110554.98,30,0.9998186434530286
368,EUR=,2023-12-22T14:02:44,EUR=,0006852123,2023-12-01,2023-12-22,Forward,USD,110554.98,EUR,100000.0,S,EUR/USD,ALBA_TANKERS,0D,1.1055498,Sell,1.1019283746556474,-2.5165573975893807,1.1031,1.1031,110554.98,60,1.000272034820457
369,EURDKK=,2023-12-22T08:17:33,DKK=,0006851803,2023-12-01,2024-01-08,Forward,DKK,2241607.98,EUR,300000.0,S,EUR/DKK,METALSER_HOR,2W,7.4720265999999995,Sell,7.4560095436922165,-6.94836220126227,7.4553,7.4553,330908.60483311437,-2,1.0
370,EURDKK=,2023-12-22T08:17:34,DKK=,0006851803,2023-12-01,2024-01-08,Forward,DKK,2241607.98,EUR,300000.0,S,EUR/DKK,METALSER_HOR,2W,7.4720265999999995,Sell,7.4560095436922165,-6.94836220126227,7.4553,7.4553,330908.60483311437,1,1.0
371,EURDKK=,2023-12-22T08:17:35,DKK=,0006851803,2023-12-01,2024-01-08,Forward,DKK,2241607.98,EUR,300000.0,S,EUR/DKK,METALSER_HOR,2W,7.4720265999999995,Sell,7.4560095436922165,-6.94836220126227,7.4553,7.4553,330908.60483311437,0,1.0
372,EURDKK=,2023-12-22T08:17:36,DKK=,0006851803,2023-12-01,2024-01-08,Forward,DKK,2241607.98,EUR,300000.0,S,EUR/DKK,METALSER_HOR,2W,7.4720265999999995,Sell,7.4560095436922165,-6.94836220126227,7.4553,7.4553,330908.60483311437,2,1.0
373,EURDKK=,2023-12-22T08:17:41,DKK=,0006851803,2023-12-01,2024-01-08,Forward,DKK,2241607.98,EUR,300000.0,S,EUR/DKK,METALSER_HOR,2W,7.4720265999999995,Sell,7.4560095436922165,-6.94836220126227,7.4552,7.4552,330908.60483311437,5,0.9999865867235389
374,EURDKK=,2023-12-22T08:17:51,DKK=,0006851803,2023-12-01,2024-01-08,Forward,DKK,2241607.98,EUR,300000.0,S,EUR/DKK,METALSER_HOR,2W,7.4720265999999995,Sell,7.4560095436922165,-6.94836220126227,7.4552,7.4552,330908.60483311437,10,0.9999865867235389
375,EURDKK=,2023-12-22T08:18:11,DKK=,0006851803,2023-12-01,2024-01-08,Forward,DKK,2241607.98,EUR,300000.0,S,EUR/DKK,METALSER_HOR,2W,7.4720265999999995,Sell,7.4560095436922165,-6.94836220126227,7.4551,7.4551,330908.60483311437,20,0.9999731734470778
376,EURDKK=,2023-12-22T08:18:41,DKK=,0006851803,2023-12-01,2024-01-08,Forward,DKK,2241607.98,EUR,300000.0,S,EUR/DKK,METALSER_HOR,2W,7.4720265999999995,Sell,7.4560095436922165,-6.94836220126227,7.4555,7.4555,330908.60483311437,30,1.000026826552922
377,EURDKK=,2023-12-22T08:19:41,DKK=,0006851803,2023-12-01,2024-01-08,Forward,DKK,2241607.98,EUR,300000.0,S,EUR/DKK,METALSER_HOR,2W,7.4720265999999995,Sell,7.4560095436922165,-6.94836220126227,7.4558,7.4558,330908.60483311437,60,1.0000670663823052
378,EURDKK=,2023-12-22T09:00:10,DKK=,0006851812,2023-12-01,2023-12-22,Forward,EUR,18000.0,DKK,133955.58,P,EUR/DKK,GENAN_A_S,0D,7.441976666666666,Buy,7.454897867899209,3.9460695222537367,7.4559,7.4559,19778.463855421684,-2,1.0000134123769413
379,EURDKK=,2023-12-22T09:00:11,DKK=,0006851812,2023-12-01,2023-12-22,Forward,EUR,18000.0,DKK,133955.58,P,EUR/DKK,GENAN_A_S,0D,7.441976666666666,Buy,7.454897867899209,3.9460695222537367,7.4559,7.4559,19778.463855421684,1,1.0000134123769413
380,EURDKK=,2023-12-22T09:00:12,DKK=,0006851812,2023-12-01,2023-12-22,Forward,EUR,18000.0,DKK,133955.58,P,EUR/DKK,GENAN_A_S,0D,7.441976666666666,Buy,7.454897867899209,3.9460695222537367,7.4558,7.4558,19778.463855421684,0,1.0
381,EURDKK=,2023-12-22T09:00:13,DKK=,0006851812,2023-12-01,2023-12-22,Forward,EUR,18000.0,DKK,133955.58,P,EUR/DKK,GENAN_A_S,0D,7.441976666666666,Buy,7.454897867899209,3.9460695222537367,7.4559,7.4559,19778.463855421684,2,1.0000134123769413
382,EURDKK=,2023-12-22T09:00:18,DKK=,0006851812,2023-12-01,2023-12-22,Forward,EUR,18000.0,DKK,133955.58,P,EUR/DKK,GENAN_A_S,0D,7.441976666666666,Buy,7.454897867899209,3.9460695222537367,7.4555,7.4555,19778.463855421684,5,0.9999597628691757
383,EURDKK=,2023-12-22T09:00:28,DKK=,0006851812,2023-12-01,2023-12-22,Forward,EUR,18000.0,DKK,133955.58,P,EUR/DKK,GENAN_A_S,0D,7.441976666666666,Buy,7.454897867899209,3.9460695222537367,7.4553,7.4553,19778.463855421684,10,0.9999329381152928
384,EURDKK=,2023-12-22T09:00:48,DKK=,0006851812,2023-12-01,2023-12-22,Forward,EUR,18000.0,DKK,133955.58,P,EUR/DKK,GENAN_A_S,0D,7.441976666666666,Buy,7.454897867899209,3.9460695222537367,7.4555,7.4555,19778.463855421684,20,0.9999597628691757
385,EURDKK=,2023-12-22T09:01:18,DKK=,0006851812,2023-12-01,2023-12-22,Forward,EUR,18000.0,DKK,133955.58,P,EUR/DKK,GENAN_A_S,0D,7.441976666666666,Buy,7.454897867899209,3.9460695222537367,7.4559,7.4559,19778.463855421684,30,1.0000134123769413
386,EURDKK=,2023-12-22T09:02:18,DKK=,0006851812,2023-12-01,2023-12-22,Forward,EUR,18000.0,DKK,133955.58,P,EUR/DKK,GENAN_A_S,0D,7.441976666666666,Buy,7.454897867899209,3.9460695222537367,7.4559,7.4559,19778.463855421684,60,1.0000134123769413
387,EURDKK=,2023-12-22T09:20:07,DKK=,0006851853,2023-12-01,2023-12-27,Forward,DKK,4496070.09,EUR,603000.0,S,EUR/DKK,ROSSING_APS,<1W,7.456169303482587,Sell,7.45606,0.7930000000033743,7.4559,7.4559,663734.346535969,-2,1.0
388,EURDKK=,2023-12-22T09:20:08,DKK=,0006851853,2023-12-01,2023-12-27,Forward,DKK,4496070.09,EUR,603000.0,S,EUR/DKK,ROSSING_APS,<1W,7.456169303482587,Sell,7.45606,0.7930000000033743,7.4559,7.4559,663734.346535969,1,1.0
389,EURDKK=,2023-12-22T09:20:09,DKK=,0006851853,2023-12-01,2023-12-27,Forward,DKK,4496070.09,EUR,603000.0,S,EUR/DKK,ROSSING_APS,<1W,7.456169303482587,Sell,7.45606,0.7930000000033743,7.4559,7.4559,663734.346535969,0,1.0
390,EURDKK=,2023-12-22T09:20:10,DKK=,0006851853,2023-12-01,2023-12-27,Forward,DKK,4496070.09,EUR,603000.0,S,EUR/DKK,ROSSING_APS,<1W,7.456169303482587,Sell,7.45606,0.7930000000033743,7.4559,7.4559,663734.346535969,2,1.0
391,EURDKK=,2023-12-22T09:20:15,DKK=,0006851853,2023-12-01,2023-12-27,Forward,DKK,4496070.09,EUR,603000.0,S,EUR/DKK,ROSSING_APS,<1W,7.456169303482587,Sell,7.45606,0.7930000000033743,7.4559,7.4559,663734.346535969,5,1.0
392,EURDKK=,2023-12-22T09:20:25,DKK=,0006851853,2023-12-01,2023-12-27,Forward,DKK,4496070.09,EUR,603000.0,S,EUR/DKK,ROSSING_APS,<1W,7.456169303482587,Sell,7.45606,0.7930000000033743,7.4557,7.4557,663734.346535969,10,0.999973175605896
393,EURDKK=,2023-12-22T09:20:45,DKK=,0006851853,2023-12-01,2023-12-27,Forward,DKK,4496070.09,EUR,603000.0,S,EUR/DKK,ROSSING_APS,<1W,7.456169303482587,Sell,7.45606,0.7930000000033743,7.4556,7.4556,663734.346535969,20,0.999959763408844
394,EURDKK=,2023-12-22T09:21:15,DKK=,0006851853,2023-12-01,2023-12-27,Forward,DKK,4496070.09,EUR,603000.0,S,EUR/DKK,ROSSING_APS,<1W,7.456169303482587,Sell,7.45606,0.7930000000033743,7.4555,7.4555,663734.346535969,30,0.999946351211792
395,EURDKK=,2023-12-22T09:22:15,DKK=,0006851853,2023-12-01,2023-12-27,Forward,DKK,4496070.09,EUR,603000.0,S,EUR/DKK,ROSSING_APS,<1W,7.456169303482587,Sell,7.45606,0.7930000000033743,7.4562,7.4562,663734.346535969,60,1.000040236591156
396,EURDKK=,2023-12-22T09:25:49,DKK=,0006851862,2023-12-01,2023-12-22,Forward,EUR,85000.0,DKK,632092.18,P,EUR/DKK,SPT_VILECON,0D,7.436378588235295,Buy,7.45594,3.3860000000007773,7.4554,7.4554,93314.2667335912,-2,1.0
397,EURDKK=,2023-12-22T09:25:50,DKK=,0006851862,2023-12-01,2023-12-22,Forward,EUR,85000.0,DKK,632092.18,P,EUR/DKK,SPT_VILECON,0D,7.436378588235295,Buy,7.45594,3.3860000000007773,7.4554,7.4554,93314.2667335912,1,1.0
398,EURDKK=,2023-12-22T09:25:51,DKK=,0006851862,2023-12-01,2023-12-22,Forward,EUR,85000.0,DKK,632092.18,P,EUR/DKK,SPT_VILECON,0D,7.436378588235295,Buy,7.45594,3.3860000000007773,7.4554,7.4554,93314.2667335912,0,1.0
399,EURDKK=,2023-12-22T09:25:52,DKK=,0006851862,2023-12-01,2023-12-22,Forward,EUR,85000.0,DKK,632092.18,P,EUR/DKK,SPT_VILECON,0D,7.436378588235295,Buy,7.45594,3.3860000000007773,7.4554,7.4554,93314.2667335912,2,1.0
400,EURDKK=,2023-12-22T09:25:57,DKK=,0006851862,2023-12-01,2023-12-22,Forward,EUR,85000.0,DKK,632092.18,P,EUR/DKK,SPT_VILECON,0D,7.436378588235295,Buy,7.45594,3.3860000000007773,7.4554,7.4554,93314.2667335912,5,1.0
401,EURDKK=,2023-12-22T09:26:07,DKK=,0006851862,2023-12-01,2023-12-22,Forward,EUR,85000.0,DKK,632092.18,P,EUR/DKK,SPT_VILECON,0D,7.436378588235295,Buy,7.45594,3.3860000000007773,7.4554,7.4554,93314.2667335912,10,1.0
402,EURDKK=,2023-12-22T09:26:27,DKK=,0006851862,2023-12-01,2023-12-22,Forward,EUR,85000.0,DKK,632092.18,P,EUR/DKK,SPT_VILECON,0D,7.436378588235295,Buy,7.45594,3.3860000000007773,7.456,7.456,93314.2667335912,20,1.000080478579285
403,EURDKK=,2023-12-22T09:26:57,DKK=,0006851862,2023-12-01,2023-12-22,Forward,EUR,85000.0,DKK,632092.18,P,EUR/DKK,SPT_VILECON,0D,7.436378588235295,Buy,7.45594,3.3860000000007773,7.456,7.456,93314.2667335912,30,1.000080478579285
404,EURDKK=,2023-12-22T09:27:57,DKK=,0006851862,2023-12-01,2023-12-22,Forward,EUR,85000.0,DKK,632092.18,P,EUR/DKK,SPT_VILECON,0D,7.436378588235295,Buy,7.45594,3.3860000000007773,7.4559,7.4559,93314.2667335912,60,1.0000670654827373
405,EURDKK=,2023-12-22T09:32:14,DKK=,0006851868,2023-12-01,2023-12-27,Forward,EUR,600000.0,DKK,4461676.68,P,EUR/DKK,MOUNT_TOP,<1W,7.4361277999999995,Buy,7.45598,0.4779999999993123,7.4559,7.4559,658802.8881932549,-2,1.0
406,EURDKK=,2023-12-22T09:32:15,DKK=,0006851868,2023-12-01,2023-12-27,Forward,EUR,600000.0,DKK,4461676.68,P,EUR/DKK,MOUNT_TOP,<1W,7.4361277999999995,Buy,7.45598,0.4779999999993123,7.4559,7.4559,658802.8881932549,1,1.0
407,EURDKK=,2023-12-22T09:32:16,DKK=,0006851868,2023-12-01,2023-12-27,Forward,EUR,600000.0,DKK,4461676.68,P,EUR/DKK,MOUNT_TOP,<1W,7.4361277999999995,Buy,7.45598,0.4779999999993123,7.4559,7.4559,658802.8881932549,0,1.0
408,EURDKK=,2023-12-22T09:32:17,DKK=,0006851868,2023-12-01,2023-12-27,Forward,EUR,600000.0,DKK,4461676.68,P,EUR/DKK,MOUNT_TOP,<1W,7.4361277999999995,Buy,7.45598,0.4779999999993123,7.4559,7.4559,658802.8881932549,2,1.0
409,EURDKK=,2023-12-22T09:32:22,DKK=,0006851868,2023-12-01,2023-12-27,Forward,EUR,600000.0,DKK,4461676.68,P,EUR/DKK,MOUNT_TOP,<1W,7.4361277999999995,Buy,7.45598,0.4779999999993123,7.4559,7.4559,658802.8881932549,5,1.0
410,EURDKK=,2023-12-22T09:32:32,DKK=,0006851868,2023-12-01,2023-12-27,Forward,EUR,600000.0,DKK,4461676.68,P,EUR/DKK,MOUNT_TOP,<1W,7.4361277999999995,Buy,7.45598,0.4779999999993123,7.4559,7.4559,658802.8881932549,10,1.0
411,EURDKK=,2023-12-22T09:32:52,DKK=,0006851868,2023-12-01,2023-12-27,Forward,EUR,600000.0,DKK,4461676.68,P,EUR/DKK,MOUNT_TOP,<1W,7.4361277999999995,Buy,7.45598,0.4779999999993123,7.4559,7.4559,658802.8881932549,20,1.0
412,EURDKK=,2023-12-22T09:33:22,DKK=,0006851868,2023-12-01,2023-12-27,Forward,EUR,600000.0,DKK,4461676.68,P,EUR/DKK,MOUNT_TOP,<1W,7.4361277999999995,Buy,7.45598,0.4779999999993123,7.456,7.456,658802.8881932549,30,1.000013412197052
413,EURDKK=,2023-12-22T09:34:22,DKK=,0006851868,2023-12-01,2023-12-27,Forward,EUR,600000.0,DKK,4461676.68,P,EUR/DKK,MOUNT_TOP,<1W,7.4361277999999995,Buy,7.45598,0.4779999999993123,7.456,7.456,658802.8881932549,60,1.000013412197052
414,EURDKK=,2023-12-22T09:43:27,DKK=,0006851906,2023-12-01,2023-12-28,Spot,EUR,6000000.0,DKK,44736000.0,P,EUR/DKK,SWEST,<1W,7.456,Buy,7.456,0.0,7.4563,7.4563,6605537.098560355,-2,1.0
415,EURDKK=,2023-12-22T09:43:28,DKK=,0006851906,2023-12-01,2023-12-28,Spot,EUR,6000000.0,DKK,44736000.0,P,EUR/DKK,SWEST,<1W,7.456,Buy,7.456,0.0,7.4563,7.4563,6605537.098560355,1,1.0
416,EURDKK=,2023-12-22T09:43:29,DKK=,0006851906,2023-12-01,2023-12-28,Spot,EUR,6000000.0,DKK,44736000.0,P,EUR/DKK,SWEST,<1W,7.456,Buy,7.456,0.0,7.4563,7.4563,6605537.098560355,0,1.0
417,EURDKK=,2023-12-22T09:43:30,DKK=,0006851906,2023-12-01,2023-12-28,Spot,EUR,6000000.0,DKK,44736000.0,P,EUR/DKK,SWEST,<1W,7.456,Buy,7.456,0.0,7.4563,7.4563,6605537.098560355,2,1.0
418,EURDKK=,2023-12-22T09:43:35,DKK=,0006851906,2023-12-01,2023-12-28,Spot,EUR,6000000.0,DKK,44736000.0,P,EUR/DKK,SWEST,<1W,7.456,Buy,7.456,0.0,7.4558,7.4558,6605537.098560355,5,0.9999329426122876
419,EURDKK=,2023-12-22T09:43:45,DKK=,0006851906,2023-12-01,2023-12-28,Spot,EUR,6000000.0,DKK,44736000.0,P,EUR/DKK,SWEST,<1W,7.456,Buy,7.456,0.0,7.4556,7.4556,6605537.098560355,10,0.9999061196572027
420,EURDKK=,2023-12-22T09:43:51,DKK=,0006851877,2023-12-01,2023-12-22,Forward,DKK,248950.84,EUR,33297.42,S,EUR/DKK,INTERBRANDS,0D,7.476580467796004,Sell,7.45618,5.006000000005173,7.4563,7.4563,36759.07567368032,-2,1.0
421,EURDKK=,2023-12-22T09:43:52,DKK=,0006851877,2023-12-01,2023-12-22,Forward,DKK,248950.84,EUR,33297.42,S,EUR/DKK,INTERBRANDS,0D,7.476580467796004,Sell,7.45618,5.006000000005173,7.4563,7.4563,36759.07567368032,1,1.0
422,EURDKK=,2023-12-22T09:43:53,DKK=,0006851877,2023-12-01,2023-12-22,Forward,DKK,248950.84,EUR,33297.42,S,EUR/DKK,INTERBRANDS,0D,7.476580467796004,Sell,7.45618,5.006000000005173,7.4563,7.4563,36759.07567368032,0,1.0
423,EURDKK=,2023-12-22T09:43:54,DKK=,0006851877,2023-12-01,2023-12-22,Forward,DKK,248950.84,EUR,33297.42,S,EUR/DKK,INTERBRANDS,0D,7.476580467796004,Sell,7.45618,5.006000000005173,7.4563,7.4563,36759.07567368032,2,1.0
424,EURDKK=,2023-12-22T09:43:59,DKK=,0006851877,2023-12-01,2023-12-22,Forward,DKK,248950.84,EUR,33297.42,S,EUR/DKK,INTERBRANDS,0D,7.476580467796004,Sell,7.45618,5.006000000005173,7.456,7.456,36759.07567368032,5,0.9999597655673726
425,EURDKK=,2023-12-22T09:44:05,DKK=,0006851906,2023-12-01,2023-12-28,Spot,EUR,6000000.0,DKK,44736000.0,P,EUR/DKK,SWEST,<1W,7.456,Buy,7.456,0.0,7.4557,7.4557,6605537.098560355,20,0.9999195311347452
426,EURDKK=,2023-12-22T09:44:09,DKK=,0006851877,2023-12-01,2023-12-22,Forward,DKK,248950.84,EUR,33297.42,S,EUR/DKK,INTERBRANDS,0D,7.476580467796004,Sell,7.45618,5.006000000005173,7.4557,7.4557,36759.07567368032,10,0.9999195311347452
427,EURDKK=,2023-12-22T09:44:29,DKK=,0006851877,2023-12-01,2023-12-22,Forward,DKK,248950.84,EUR,33297.42,S,EUR/DKK,INTERBRANDS,0D,7.476580467796004,Sell,7.45618,5.006000000005173,7.4558,7.4558,36759.07567368032,20,0.9999329426122876
428,EURDKK=,2023-12-22T09:44:35,DKK=,0006851906,2023-12-01,2023-12-28,Spot,EUR,6000000.0,DKK,44736000.0,P,EUR/DKK,SWEST,<1W,7.456,Buy,7.456,0.0,7.4558,7.4558,6605537.098560355,30,0.9999329426122876
429,EURDKK=,2023-12-22T09:44:59,DKK=,0006851877,2023-12-01,2023-12-22,Forward,DKK,248950.84,EUR,33297.42,S,EUR/DKK,INTERBRANDS,0D,7.476580467796004,Sell,7.45618,5.006000000005173,7.4563,7.4563,36759.07567368032,30,1.0
430,EURDKK=,2023-12-22T09:45:35,DKK=,0006851906,2023-12-01,2023-12-28,Spot,EUR,6000000.0,DKK,44736000.0,P,EUR/DKK,SWEST,<1W,7.456,Buy,7.456,0.0,7.4557,7.4557,6605537.098560355,60,0.9999195311347452
431,EURDKK=,2023-12-22T09:45:59,DKK=,0006851877,2023-12-01,2023-12-22,Forward,DKK,248950.84,EUR,33297.42,S,EUR/DKK,INTERBRANDS,0D,7.476580467796004,Sell,7.45618,5.006000000005173,7.4561,7.4561,36759.07567368032,60,0.9999731770449151
432,EURDKK=,2023-12-22T09:57:38,DKK=,0006851890,2023-12-01,2023-12-22,Forward,EUR,16000.0,DKK,119140.93,P,EUR/DKK,ROLL_O_MATIC,0D,7.446308125,Buy,7.45591,3.478999999995125,7.4556,7.4556,17586.41543412157,-2,0.999959763408844
433,EURDKK=,2023-12-22T09:57:39,DKK=,0006851890,2023-12-01,2023-12-22,Forward,EUR,16000.0,DKK,119140.93,P,EUR/DKK,ROLL_O_MATIC,0D,7.446308125,Buy,7.45591,3.478999999995125,7.4559,7.4559,17586.41543412157,1,1.0
434,EURDKK=,2023-12-22T09:57:40,DKK=,0006851890,2023-12-01,2023-12-22,Forward,EUR,16000.0,DKK,119140.93,P,EUR/DKK,ROLL_O_MATIC,0D,7.446308125,Buy,7.45591,3.478999999995125,7.4559,7.4559,17586.41543412157,0,1.0
435,EURDKK=,2023-12-22T09:57:41,DKK=,0006851890,2023-12-01,2023-12-22,Forward,EUR,16000.0,DKK,119140.93,P,EUR/DKK,ROLL_O_MATIC,0D,7.446308125,Buy,7.45591,3.478999999995125,7.4559,7.4559,17586.41543412157,2,1.0
436,EURDKK=,2023-12-22T09:57:46,DKK=,0006851890,2023-12-01,2023-12-22,Forward,EUR,16000.0,DKK,119140.93,P,EUR/DKK,ROLL_O_MATIC,0D,7.446308125,Buy,7.45591,3.478999999995125,7.4559,7.4559,17586.41543412157,5,1.0
437,EURDKK=,2023-12-22T09:57:56,DKK=,0006851890,2023-12-01,2023-12-22,Forward,EUR,16000.0,DKK,119140.93,P,EUR/DKK,ROLL_O_MATIC,0D,7.446308125,Buy,7.45591,3.478999999995125,7.4559,7.4559,17586.41543412157,10,1.0
438,EURDKK=,2023-12-22T09:58:16,DKK=,0006851890,2023-12-01,2023-12-22,Forward,EUR,16000.0,DKK,119140.93,P,EUR/DKK,ROLL_O_MATIC,0D,7.446308125,Buy,7.45591,3.478999999995125,7.4561,7.4561,17586.41543412157,20,1.000026824394104
439,EURDKK=,2023-12-22T09:58:46,DKK=,0006851890,2023-12-01,2023-12-22,Forward,EUR,16000.0,DKK,119140.93,P,EUR/DKK,ROLL_O_MATIC,0D,7.446308125,Buy,7.45591,3.478999999995125,7.4555,7.4555,17586.41543412157,30,0.999946351211792
440,EURDKK=,2023-12-22T09:59:46,DKK=,0006851890,2023-12-01,2023-12-22,Forward,EUR,16000.0,DKK,119140.93,P,EUR/DKK,ROLL_O_MATIC,0D,7.446308125,Buy,7.45591,3.478999999995125,7.4556,7.4556,17586.41543412157,60,0.999959763408844
441,EURDKK=,2023-12-22T10:16:31,DKK=,0006851908,2023-12-01,2023-12-28,Spot,EUR,30000.0,DKK,222899.18,P,EUR/DKK,ESTATEPARTNE,<1W,7.429972666666666,Buy,7.4560095436922165,0.0,7.4561,7.4561,32916.76708606533,-2,1.0
442,EURDKK=,2023-12-22T10:16:32,DKK=,0006851908,2023-12-01,2023-12-28,Spot,EUR,30000.0,DKK,222899.18,P,EUR/DKK,ESTATEPARTNE,<1W,7.429972666666666,Buy,7.4560095436922165,0.0,7.4561,7.4561,32916.76708606533,1,1.0
443,EURDKK=,2023-12-22T10:16:33,DKK=,0006851908,2023-12-01,2023-12-28,Spot,EUR,30000.0,DKK,222899.18,P,EUR/DKK,ESTATEPARTNE,<1W,7.429972666666666,Buy,7.4560095436922165,0.0,7.4561,7.4561,32916.76708606533,0,1.0
444,EURDKK=,2023-12-22T10:16:34,DKK=,0006851908,2023-12-01,2023-12-28,Spot,EUR,30000.0,DKK,222899.18,P,EUR/DKK,ESTATEPARTNE,<1W,7.429972666666666,Buy,7.4560095436922165,0.0,7.4561,7.4561,32916.76708606533,2,1.0
445,EURDKK=,2023-12-22T10:16:39,DKK=,0006851908,2023-12-01,2023-12-28,Spot,EUR,30000.0,DKK,222899.18,P,EUR/DKK,ESTATEPARTNE,<1W,7.429972666666666,Buy,7.4560095436922165,0.0,7.4561,7.4561,32916.76708606533,5,1.0
446,EURDKK=,2023-12-22T10:16:49,DKK=,0006851908,2023-12-01,2023-12-28,Spot,EUR,30000.0,DKK,222899.18,P,EUR/DKK,ESTATEPARTNE,<1W,7.429972666666666,Buy,7.4560095436922165,0.0,7.4561,7.4561,32916.76708606533,10,1.0
447,EURDKK=,2023-12-22T10:17:09,DKK=,0006851908,2023-12-01,2023-12-28,Spot,EUR,30000.0,DKK,222899.18,P,EUR/DKK,ESTATEPARTNE,<1W,7.429972666666666,Buy,7.4560095436922165,0.0,7.4556,7.4556,32916.76708606533,20,0.999932940813562
448,EURDKK=,2023-12-22T10:17:39,DKK=,0006851908,2023-12-01,2023-12-28,Spot,EUR,30000.0,DKK,222899.18,P,EUR/DKK,ESTATEPARTNE,<1W,7.429972666666666,Buy,7.4560095436922165,0.0,7.4561,7.4561,32916.76708606533,30,1.0
449,EURDKK=,2023-12-22T10:18:39,DKK=,0006851908,2023-12-01,2023-12-28,Spot,EUR,30000.0,DKK,222899.18,P,EUR/DKK,ESTATEPARTNE,<1W,7.429972666666666,Buy,7.4560095436922165,0.0,7.4561,7.4561,32916.76708606533,60,1.0
450,EURDKK=,2023-12-22T10:20:32,DKK=,0006851915,2023-12-01,2023-12-22,Forward,DKK,2241494.61,EUR,300000.0,S,EUR/DKK,FYN_KRAN_UD,0D,7.471648699999999,Sell,7.45623,4.887000000000086,7.456,7.456,331043.3628710678,-2,0.9999865881627125
451,EURDKK=,2023-12-22T10:20:33,DKK=,0006851915,2023-12-01,2023-12-22,Forward,DKK,2241494.61,EUR,300000.0,S,EUR/DKK,FYN_KRAN_UD,0D,7.471648699999999,Sell,7.45623,4.887000000000086,7.456,7.456,331043.3628710678,1,0.9999865881627125
452,EURDKK=,2023-12-22T10:20:34,DKK=,0006851915,2023-12-01,2023-12-22,Forward,DKK,2241494.61,EUR,300000.0,S,EUR/DKK,FYN_KRAN_UD,0D,7.471648699999999,Sell,7.45623,4.887000000000086,7.4561,7.4561,331043.3628710678,0,1.0
453,EURDKK=,2023-12-22T10:20:35,DKK=,0006851915,2023-12-01,2023-12-22,Forward,DKK,2241494.61,EUR,300000.0,S,EUR/DKK,FYN_KRAN_UD,0D,7.471648699999999,Sell,7.45623,4.887000000000086,7.4561,7.4561,331043.3628710678,2,1.0
454,EURDKK=,2023-12-22T10:20:40,DKK=,0006851915,2023-12-01,2023-12-22,Forward,DKK,2241494.61,EUR,300000.0,S,EUR/DKK,FYN_KRAN_UD,0D,7.471648699999999,Sell,7.45623,4.887000000000086,7.4561,7.4561,331043.3628710678,5,1.0
455,EURDKK=,2023-12-22T10:20:50,DKK=,0006851915,2023-12-01,2023-12-22,Forward,DKK,2241494.61,EUR,300000.0,S,EUR/DKK,FYN_KRAN_UD,0D,7.471648699999999,Sell,7.45623,4.887000000000086,7.4561,7.4561,331043.3628710678,10,1.0
456,EURDKK=,2023-12-22T10:21:10,DKK=,0006851915,2023-12-01,2023-12-22,Forward,DKK,2241494.61,EUR,300000.0,S,EUR/DKK,FYN_KRAN_UD,0D,7.471648699999999,Sell,7.45623,4.887000000000086,7.4561,7.4561,331043.3628710678,20,1.0
457,EURDKK=,2023-12-22T10:21:40,DKK=,0006851915,2023-12-01,2023-12-22,Forward,DKK,2241494.61,EUR,300000.0,S,EUR/DKK,FYN_KRAN_UD,0D,7.471648699999999,Sell,7.45623,4.887000000000086,7.4561,7.4561,331043.3628710678,30,1.0
458,EURDKK=,2023-12-22T10:22:40,DKK=,0006851915,2023-12-01,2023-12-22,Forward,DKK,2241494.61,EUR,300000.0,S,EUR/DKK,FYN_KRAN_UD,0D,7.471648699999999,Sell,7.45623,4.887000000000086,7.4562,7.4562,331043.3628710678,60,1.0000134118372876
459,EURDKK=,2023-12-22T10:32:39,DKK=,0006851923,2023-12-01,2023-12-22,Forward,DKK,4846969.92,EUR,650000.0,S,EUR/DKK,PPIM_CORE,0D,7.4568768,Sell,7.45624,4.8680000000000945,7.4562,7.4562,716445.674249479,-2,1.0
460,EURDKK=,2023-12-22T10:32:40,DKK=,0006851923,2023-12-01,2023-12-22,Forward,DKK,4846969.92,EUR,650000.0,S,EUR/DKK,PPIM_CORE,0D,7.4568768,Sell,7.45624,4.8680000000000945,7.4562,7.4562,716445.674249479,1,1.0
